2534 4342
304 413 369 477 430
436 388 653 458 rncom
689 387 986 455 SADOLETI

298 481 391 568 quod
413 479 453 543 de
468 478 556 543 sarto
571 482 658 542 tetio
676 475 747 541 dlvi
769 476 899 541 siffredi
916 477 1043 564 templo
1060 499 1158 564 prt-

298 570 413 633 llando
435 566 661 640 decreverint,
690 581 726 630 tu
750 564 909 628 continno
931 567 972 627 ad
990 587 1041 631 me
1067 567 1155 630 scri·

299 661 376 724 bet.
396 653 555 719 Honorati
571 654 807 719 Ebredunenlre
819 651 959 739 hospitis
973 653 1072 717 nostrl
1089 672 1151 717 va·

298 744 480 810 letudinem
498 760 618 826 magne
630 742 691 806 tibi
705 759 787 805 cure
799 739 891 805 suine
905 786 916 817 ,
938 744 1152 808 vehementer

306 831 388 897 milri
406 844 534 916 gratum
560 830 632 903 ell,
656 829 848 914 gaudeoque
873 826 1000 892 homini
1025 824 1154 894 sanita·

301 933 368 985 tem
391 920 451 984 elle
464 918 673 982 restitutam.
698 919 785 981 Eum
803 937 864 1002 ego
881 921 1001 981 bonnm
1024 912 1151 1003 semper

302 1007 410 1071 virum
427 1007 567 1089 cognovi
585 1011 613 1072 dr
631 1018 794 1092 amantem
813 1005 936 1077 nollri,
959 1008 989 1070 Sc
1011 1002 1150 1088 dignum

301 1093 394 1179 cuiue
424 1092 517 1158 cansa
550 1091 693 1158 laborem
723 1091 861 1157 libenter
891 1088 1109 1176 suscipiamur
1139 1134 1150 1159 .

203 1257 205 1260 ,
302 1182 450 1248 Omnino
460 1185 525 1245 hec
538 1179 745 1253 humanitae,
773 1180 1058 1262 qnantirnurerga
1072 1199 1152 1244 om.

303 1288 385 1342 ner,
408 1289 481 1333 cnm
498 1269 660 1332 laudanda
674 1288 729 1352 per
741 1266 805 1334 sele
816 1266 885 1340 eli,
909 1280 979 1330 eum
993 1284 1098 1348 quum
1117 1269 1150 1334 in

302 1355 524 1421 benemeriroe
547 1357 586 1420 de
612 1357 708 1421 nobie
733 1359 921 1428 confertur,
943 1372 1008 1418 non
1038 1351 1150 1420 solunt

303 1441 434 1507 laudern
451 1447 569 1518 hebet,
595 1442 650 1509 sed
667 1444 833 1508 mirificam
849 1442 950 1507 etiarn
967 1445 1149 1524 quamdam

301 1531 404 1595 animi
426 1534 654 1616 voluptatem.
679 1534 747 1596 Nec
762 1550 841 1597 vero
864 1550 936 1597 enm
956 1529 1061 1593 rnnlra
1085 1531 1151 1595 fine

299 1636 371 1680 rnea
395 1638 464 1700 que
490 1636 526 1684 to
550 1620 694 1702 exprella
722 1620 752 1681 in
768 1619 836 1682 tuin
853 1618 998 1682 moribus
1022 1617 1148 1692 refert,

303 1706 479 1788 quicquam
497 1706 575 1769 mihi
593 1707 737 1767 accidere
754 1704 786 1768 in
802 1721 835 1767 te
846 1702 1146 1791 potestoptabiliue

303 1797 332 1858 ar
350 1793 497 1875 grariur,
522 1813 618 1874 quem
633 1791 690 1855 illa
705 1793 842 1856 benefica
858 1797 886 1860 dr
904 1789 1045 1857 liberalie
1068 1808 1143 1874 erga

196 1928 210 1938 ,
299 1894 399 1943 notos
427 1880 642 1966 ignotosque,
666 1899 764 1964 quam
791 1881 928 1945 adhibet
954 1877 1104 1944 voluntte
1129 1914 1142 1941 ·

301 1965 509 2053 Prolegatnm
533 1968 674 2031 arbitror
698 1967 730 2030 in
750 1969 857 2033 hortis
880 1966 998 2033 uollrie
1024 1966 1081 2030 abe
1107 1976 1142 2031 te

303 2053 382 2121 bene
404 2057 494 2120 fuine
518 2071 710 2142 acceptum,
734 2061 802 2132 eine
829 2079 889 2142 ego
913 2053 1064 2120 nuntium
1085 2071 1144 2119 eo·

304 2142 402 2208 mitet
417 2146 487 2210 heic
501 2146 612 2232 excepi
634 2188 644 2217 ,
677 2143 849 2226 multaque
880 2143 980 2220 dixi,
1007 2162 1077 2226 qne
1099 2141 1144 2205 ad
1166 2175 1168 2179 ·

297 2247 403 2294 meam
440 2236 470 2297 in
495 2232 591 2296 illum
626 2231 850 2295 declarandam
880 2227 1142 2296 benevolentiam

296 2318 528 2400 pertinebant.
552 2323 656 2385 Dete
678 2320 810 2401 quidem
835 2316 906 2404 ipso
931 2320 977 2382 ita
998 2337 1074 2392 eum¹
1101 2339 1143 2383 eo

296 2407 402 2469 adium
427 2410 470 2471 est
487 2425 505 2469 a
520 2428 591 2482 me,
614 2413 750 2475 &anter
772 2408 871 2471 eriam
893 2426 910 2469 a
932 2404 1142 2482 florebello,

294 2504 333 2561 ut
349 2491 405 2557 ille
421 2493 453 2559 in
469 2497 551 2560 hane
566 2512 661 2559 totus
677 2495 864 2577 opinionem
880 2491 1056 2557 dilcellerit
1073 2534 1084 2564 ,
1108 2491 1142 2561 se

297 2597 315 2642 a
331 2593 364 2645 te
377 2600 440 2647 nou
457 2583 668 2649 mediocriter
684 2581 799 2666 diligi.
826 2580 1021 2647 Annibalem
1048 2600 1141 2663 que·

294 2669 362 2733 nne
385 2670 486 2732 novbr
510 2673 641 2755 nuptias
666 2692 728 2734 non
753 2670 951 2754 reprehendo
964 2712 975 2742 ,
998 2667 1141 2733 affinita-

293 2769 360 2821 tem
379 2760 505 2842 probo.
526 2760 637 2824 Doleo
650 2759 689 2822 de
702 2757 861 2824 Nicolao.
889 2759 1137 2823 Eorumotrun·

292 2863 355 2926 qne
371 2843 495 2911 salvere
508 2847 588 2911 meir
607 2847 717 2913 verbis
732 2846 879 2923 jubenis.
898 2845 1019 2923 Nunc,
1043 2858 1080 2908 nt
1096 2846 1137 2911 de

292 2931 1136 3105 nnnnonninnnnnnnu

291 3107 375 3171 meir
396 3110 525 3193 agende
539 3110 613 3173 vite
640 3110 803 3174 consiliio.
832 3110 892 3172 Sed
908 3121 1015 3173 tamen
1039 3107 1147 3171 firmo'

291 3193 402 3258 auimo
430 3197 470 3258 ad
499 3197 744 3283 perpetiendum
770 3196 1000 3269 &ferendum
1023 3194 1137 3277 quoad

289 3282 447 3347 offeratur
462 3286 542 3349 milri
559 3286 682 3349 occalro
695 3286 823 3348 honeste
836 3285 909 3349 hine
924 3277 1134 3358 discedendi,

288 3389 386 3452 quam
405 3374 676 3459 pretermiffnruc
692 3395 754 3439 nnn
781 3370 873 3436 sum.
897 3373 1010 3456 Neque
1025 3393 1065 3438 eo
1080 3373 1136 3435 di·

284 3478 349 3536 co,
371 3461 460 3542 quod
481 3483 530 3526 me
543 3461 658 3546 quanti
679 3465 751 3524 liam
765 3463 805 3522 ab
820 3461 881 3522 hoc
899 3462 1025 3546 populo
1049 3458 1133 3529 drab

287 3546 347 3610 bac
362 3548 453 3613 curia
467 3551 630 3635 poeniteat
646 3591 657 3640 .·
681 3549 742 3616 Sed
756 3547 839 3614 nihil
859 3548 939 3613 milri
952 3549 1020 3638 jam
1036 3548 1132 3695 dnlcste

1081 3654 1098 3699 e
