2534 4342
211 358 279 441 170
332 351 589 433 -Jncoul'
625 349 926 427 S'ADOEET'I
1057 425 1061 431 .

215 448 310 525 arium
324 438 388 515 sere
406 447 605 533 populorum
619 449 721 514 animi
738 448 985 529 inclinentur),
1009 439 1066 508 ni·

219 534 271 599 hil
297 534 427 620 prorsus
440 537 481 600 de
494 554 534 599 eo
547 534 667 622 sperari
677 537 780 620 posset
797 576 809 599 .
831 535 933 625 Qud
948 548 985 597 ut
1009 532 1065 596 in·

220 622 392 708 telligeret
412 642 462 688 me
486 643 549 688 non
564 621 745 712 suspicione
766 621 872 688 solum
889 620 1066 688 defuturis

220 710 320 775 malie
341 709 604 786 faciredueaum,
629 713 695 775 hec
717 711 757 774 de
783 714 840 774 tua
861 711 897 776 in
918 711 989 773 istie
1011 707 1064 770 lo·

217 796 268 861 eie
291 795 455 883 presentia
482 798 619 874 dixisse,
649 818 748 884 quam
773 795 1064 874 euernecenaria;

104 938 108 944 .
220 902 258 947 ea
274 905 346 968 que
363 905 415 949 me
436 885 587 971 presente
601 887 789 951 acciderunt
804 928 818 957 ,
840 906 914 949 cunr
939 887 979 949 de
1004 891 1064 945 ¹tu·

223 973 469 1062 multu-populi
480 973 715 1042 Arenionensre
724 1016 738 1048 ,
756 984 829 1037 tunr
842 993 920 1038 vero
930 975 970 1036 de
985 970 1063 1034 iuli·

216 1059 287 1124 rliie
305 1059 530 1128 hereticorum
557 1061 718 1149 exposui,
742 1079 813 1142 qure
833 1073 898 1125 tuo
917 1057 1063 1125 maxime

219 1148 357 1212 consilio
373 1145 482 1234 sopita
498 1192 510 1227 ,
532 1152 562 1216 dc
577 1151 721 1236 oppressa
736 1148 829 1214 fuisse
839 1149 977 1232 cognovi
991 1188 1003 1220 ,
1030 1147 1060 1211 Sc

217 1231 268 1297 ita
278 1233 419 1300 concluse
433 1278 445 1310 ,
466 1252 504 1302 ut
516 1258 589 1302 cunr
600 1237 709 1302 divina
721 1237 870 1318 quedam
881 1234 1061 1322 providen-

176 1363 183 1370 ›
214 1321 291 1397 aia,
312 1337 349 1388 ur
369 1324 482 1390 exitur
496 1325 545 1390 rei
563 1325 765 1400 declaravit,
785 1330 816 1392 tt
836 1318 1062 1408 provincialee

193 1461 195 1465 ,
212 1407 273 1495 ipsa
289 1411 460 1495 judicant,
480 1426 514 1476 te
525 1413 559 1478 in
579 1412 639 1477 illa
655 1413 725 1476 loca
737 1426 886 1496 tempore
902 1424 972 1472 tam
997 1421 1054 1471 ne·

215 1498 350 1566 cessario
363 1498 556 1574 reduxisset,
580 1500 640 1567 nisr
650 1499 763 1584 aliqua
775 1502 879 1575 maior
890 1495 983 1581 capsa
996 1537 1010 1568 ‚
1024 1491 1060 1557 iu

214 1601 280 1667 qua
294 1588 361 1653 Dei
371 1590 509 1664 honori,
524 1585 711 1656 atrectare
723 1586 843 1651 melius
853 1605 983 1669 operam
996 1596 1058 1645 na·

215 1692 292 1737 vare
307 1675 439 1760 pollen,
460 1688 493 1738 te
510 1676 588 1740 inde
614 1688 811 1751 revocarer,
830 1670 940 1737 videri
963 1673 1003 1734 de
1018 1685 1062 1730 eo

214 1755 442 1828 locononelle
461 1762 718 1835 removendum,
743 1762 801 1825 ubi
821 1760 963 1824 maxime
991 1777 1057 1840 op·
1079 1806 1080 1809 ,

214 1860 359 1933 portuna
371 1849 413 1912 ad
429 1869 544 1914 omnes
555 1847 646 1914 casua
658 1864 714 1913 tua
730 1845 897 1934 presentia
908 1849 967 1912 elie
979 1838 1058 1932 pos·
1086 1879 1088 1882 ·

213 1934 256 1996 lit
273 1977 282 1996 .
303 1936 377 2015 Huc
391 1935 525 2019 quidem
543 1935 608 2022 ipse
622 1958 695 2002 etam
709 1933 979 2023 pluribusverbic
995 1956 1060 2002 ex·

219 2019 422 2104 posuissem,
445 2021 517 2110 ipso
531 2024 665 2108 quidem
679 2039 717 2088 ut
732 2023 813 2086 mihi
825 2021 995 2097 visueest,
1011 2023 1057 2088 li·

213 2109 328 2173 benten
342 2109 569 2187 auscultante,
584 2112 626 2177 sac
649 2112 783 2176 tandem>
794 2109 839 2174 ab·
855 2130 894 2174 eo
909 2107 1030 2176 discessi·
1043 2155 1059 2187 ,

209 2211 251 2260 ut
265 2198 305 2263 de
319 2211 375 2264 tua
394 2200 599 2266 revocatione
610 2220 650 2266 ne
667 2200 802 2266 verbum
816 2198 948 2280 quidem
965 2199 1056 2286 apud

211 2303 267 2348 rue
280 2289 416 2354 fecerit.
442 2287 582 2372 Reliqua
595 2308 674 2352 vero
687 2307 759 2372 que
775 2286 893 2351 eorlenr
904 2300 1057 2371 tempore
1090 2353 1093 2357 ,

124 2368 134 2384 ’
210 2391 287 2436 eum
303 2396 343 2438 eo
357 2376 421 2460 egi,
435 2373 721 2460 quepertinebant
733 2375 773 2437 ad
788 2374 941 2438 tuendam
955 2373 1059 2440 chri·
1089 2395 1091 2398 ⁴

210 2457 393 2524 ilianorum
406 2460 657 2546 provincialium
670 2461 800 2527 causam
817 2475 930 2526 eontra
940 2463 1053 2533 lude·

210 2565 311 2610 orum
341 2547 574 2633 inexplebilem
602 2547 811 2623 avaritiam,
833 2547 927 2632 spero
949 2564 983 2614 ta
1010 2570 1054 2614 ex

92 2645 94 2648 ⁴
211 2645 348 2699 tuorum
364 2631 632 2709 civiumliterie,
662 2639 721 2717 qui
743 2641 796 2702 'rer
816 2635 962 2702 civitatis
987 2648 1055 2701 tue

206 2718 284 2785 ’heic
307 2737 509 2812 procurant,
535 2723 743 2806 cognovisse,
770 2720 829 2806 qui
848 2722 947 2808 paulo
978 2724 1053 2808 post

207 2806 286 2874 sunt
307 2811 435 2896 experti
451 2808 682 2894 benignitatem
701 2809 865 2894 Principis
888 2811 920 2877 in
934 2811 1051 2876 eadent

206 2895 303 2961 causa
321 2896 353 2962 in
367 2900 422 2974 lie,
439 2919 508 2984 que
522 2897 743 2983 postulabant.
756 2897 943 2984 Epistulam
955 2911 1050 2965 tuem

203 2985 249 3047 ad
263 2984 470 3053 cardinalem
483 2984 643 3072 Bellajum
658 2987 864 3077 (olibenter
879 2984 959 3070 legi,
972 3005 1051 3074 gra·

205 3070 296 3135 viter
310 3069 383 3137 sane
395 3073 572 3158 scriptam,
600 3074 634 3136 io
651 3071 758 3158 quaid
773 3071 914 3138 maxime
927 3079 1051 3158 proba·

204 3158 262 3231 ri,
282 3178 356 3222 cunr
375 3159 597 3227 adversarium
616 3164 689 3246 (lic
712 3159 800 3225 enim
821 3157 958 3246 prorsus
981 3181 1048 3246 ap·

203 3247 381 3330 pellandue
395 3250 466 3322 est,
488 3260 650 3332 utcunque
666 3247 773 3314 insuia
786 3243 892 3311 literir
909 3247 941 3314 se
959 3249 1050 3313 arni·

202 3353 281 3409 ‚cum
301 3334 453 3414 simulat,
468 3335 654 3424 quicunque
666 3336 701 3402 iu
712 3333 925 3428 dogmatibus
936 3335 1045 3402 aliena

203 3433 207 3446 ’
997 3427 1044 3488 ab

241 3616 293 3692 (e)
313 3613 377 3673 Vide
388 3616 447 3674 not·
459 3616 487 3674 iu
498 3614 574 3692 epis,
586 3621 697 3694 cm,
705 3629 778 3701 pret,
792 3635 821 3680 2,
832 3635 894 3712 m*
907 3635 936 3682 χ.
