2534 4342
275 394 491 465 EPISTOLAE
513 395 802 466 FAMILIARES·
913 395 980 479 ali

136 495 207 552 nte
221 482 312 548 same
328 487 473 570 ,quibus
488 486 657 551 hominum
668 486 869 553 sermonibus
883 525 895 558 ,
914 504 981 568 qua

136 573 360 640 admiratione
371 575 518 648 virtutis,
529 575 708 661 prudentie
722 617 733 650 ,
745 572 983 661 magnitudini»

136 661 240 727 enimi
256 661 305 725 tui
321 708 332 739 ‚
362 663 450 727 illud
470 665 677 749 egregium&
693 659 981 728 commemorabile

134 751 263 817 facinus
276 749 374 816 suerit
390 766 586 835 acceptum.
611 753 731 834 ltaque
754 771 840 837 ego,
874 747 931 832 qui
949 745 983 809 in
1039 825 1041 831 Ι

136 839 298 913 colenda,
336 839 502 911 amanda,
535 841 777 922 venerandaque
811 835 983 902 sanctitate

137 941 197 992 tua
209 929 350 991 arlliote
360 928 467 990 multo
482 926 626 991 beneficii
639 927 793 999 uinculo,
807 945 906 1009 quam
919 945 982 990 ee·

135 1014 204 1082 teri
230 1034 373 1089 omnes,
399 1013 577 1098 astringor,
608 1029 780 1100 propterea
807 1015 897 1098 quod
919 1005 981 1074 alii

135 1102 280 1168 multum
305 1102 438 1184 quidem
456 1104 635 1166 habuerunt
647 1100 679 1167 iu
694 1100 724 1167 se
741 1122 857 1167 omnen
872 1103 982 1168 virtu-

136 1191 229 1258 tis&
246 1187 667 1271 meritorum,quamobrem
684 1189 873 1254 beneficium
886 1203 982 1252 tuum

136 1277 210 1342 illis
234 1275 486 1362 quodammodo
515 1277 663 1341 debitum
692 1276 882 1350 videretur,
919 1295 981 1360 ego

136 1382 249 1430 autem
265 1364 348 1429 nihil
368 1409 378 1440 ,
394 1365 449 1430 sed
462 1365 570 1428 omnia
582 1383 673 1428 meus
685 1365 815 1437 honor,
836 1381 980 1444 meaque

137 1451 567 1541 dignitatieamplificatio‚
586 1451 728 1519 liberum
742 1450 805 1514 luit
821 1450 983 1530 judicium

138 1541 310 1628 &propria
328 1539 508 1604 liberalitas
523 1535 706 1604 sanctitatis
720 1540 876 1612 tuoe,ticut
891 1536 984 1624 plus·

85 1684 88 1689 .
135 1648 237 1713 quam
252 1642 386 1693 eeteros
400 1627 463 1692 tibi
479 1627 596 1691 deluere
609 1646 660 1690 me
674 1626 897 1710 intelligebam
912 1668 921 1699 ,
935 1627 985 1687 ita

138 1720 263 1793 maiore
279 1715 381 1783 etiam
397 1732 493 1800 quam
515 1711 590 1784 illi,
611 1713 747 1778 intanta
763 1728 818 1777 tua
835 1714 938 1800 gloria
953 1715 985 1792 ες

135 1800 573 1894 predicatioueampliffime
587 1800 722 1880 laudis,
745 1803 845 1866 animi
866 1799 986 1884 letitie

138 1897 167 1957 ἃ
196 1889 372 1978 uoluptate
397 1889 611 1975 perfruebar,
634 1909 699 1972 qua
724 1889 837 1956 allidue
854 1908 987 1973 quoque

142 1978 175 2043 iu
197 1979 362 2065 posterum
386 1977 451 2043 frui
473 1975 599 2063 cupio.
621 1978 691 2042 Nec
710 1980 789 2043 mihi
808 1979 987 2063 quicquam

137 2067 245 2152 magle
258 2066 304 2130 est
328 2063 359 2128 iu
377 2063 527 2152 optatis,
551 2081 650 2144 quam
674 2064 809 2140 audire,
833 2063 987 2131 iruulta-

140 2166 213 2218 tem
228 2168 347 2225 tuam,
372 2172 435 2216 nou
458 2149 698 2233 cupiditatibus
712 2154 833 2230 hujus,
857 2167 915 2213 aut
939 2149 986 2211 il·

138 2241 206 2306 lius
222 2286 232 2315 ‚
257 2240 312 2306 sed
333 2240 393 2306 sure
406 2237 599 2323 potiffimum
613 2235 777 2321 sapientie
791 2243 819 2304 a
831 2236 989 2301 Christia-

140 2329 174 2394 ni
188 2328 332 2393 numinis
348 2324 491 2390 utilitati
508 2321 734 2389 inservientem
752 2370 761 2400 ,
786 2326 808 2389 li
834 2321 989 2409 suppleu-

141 2416 206 2480 due
222 2417 307 2479 ordo
319 2415 424 2479 noster
440 2412 479 2475 fit
495 2454 506 2484 ,
532 2432 629 2494 quem
644 2409 828 2498 suppletum
843 2412 882 2477 iri
895 2413 985 2475 fame

137 2504 299 2578 nunciat,
324 2504 438 2568 habere
454 2498 625 2563 homiuum
646 2500 922 2585 diguilfimorunh
948 2510 987 2561 ut

139 2589 240 2656 solita
259 2591 327 2665 eil,
351 2589 539 2659 descitum,
563 2591 592 2653 ἃ
619 2587 765 2671 optimos
777 2635 788 2668 ,
813 2608 849 2654 te
864 2584 988 2653 ‹sollis-

138 2680 238 2744 limoa
272 2678 305 2742 iu
321 2675 548 2763 ampliffimum
572 2674 759 2760 Collegium
784 2675 987 2741 adsciscere.

136 2764 291 2850 Namque
308 2761 412 2834 'Pater
438 2762 549 2826 Stulte
571 2777 687 2845 preter
707 2759 986 2828 communirRei·
1074 2758 1076 2764 ’

137 2856 219 2942 pub.
246 2849 582 2930 commodumque
598 2847 752 2914 inclinata
776 2848 841 2934 jam
856 2855 886 2917 a
909 2867 989 2936 pru·

138 2941 320 3029 pemodum
350 2955 529 3009 corruent,
553 2933 676 2998 talibus
700 2937 864 3000 columnis
881 2933 989 3000 maxi·

138 3050 191 3093 me
206 3027 374 3091 fulcienda
388 3026 449 3098 est,
462 3024 496 3086 hi
509 3038 665 3108 preterea
683 3020 744 3086 soli
756 3024 890 3088 omniuo
903 3023 993 3096 suntj

139 3117 199 3200 qui
218 3115 315 3178 fidem
349 3114 499 3199 prestant
512 3108 602 3174 suam
618 3110 753 3173 honoris
778 3109 827 3174 sui
840 3109 990 3174 authori·

139 3207 226 3276 bue,
251 3199 375 3287 quippe
406 3220 487 3274 eoa,
508 3201 539 3265 u
560 3196 592 3259 iu
607 3194 685 3281 ipsa
702 3201 731 3263 a
747 3198 778 3261 iu
804 3200 992 3282 posteritate

140 3306 257 3352 eorum
271 3285 397 3372 semper
411 3284 519 3351 salvos
540 3325 552 3357 ,
576 3285 751 3357 honestos,
776 3285 992 3368 florentesque

142 3377 204 3442 elle
222 3373 581 3461 eupiuut‚ceterir(ut
598 3365 752 3436 faustine
773 3386 828 3436 tua
840 3372 994 3438 animad-

139 3479 271 3531 vertere
295 3460 378 3551 sape
390 3462 502 3550 potuit
518 3467 537 3547 )
554 3457 610 3543 qui
633 3479 697 3525 nou
710 3484 750 3528 ex
766 3462 915 3544 virtute,
937 3457 995 3526 sed

137 3575 179 3631 ex
197 3555 272 3619 amb
284 3551 390 3623 itione
403 3549 479 3619 letti
494 3547 722 3648 suetudine
736 3550 880 3621 atliouee
892 3549 965 3618 suas
985 3588 997 3621 2

932 3654 999 3704 uu!
