2534 4342
350 340 572 417 EPISTOLAE
593 348 888 416 FAMILIARES}
988 355 1054 436 ιη’

216 449 252 504 te
264 458 278 517 3
300 453 357 502 aut
377 439 592 502 amantiorem
620 438 720 501 etiam
748 437 836 502 mei.
865 442 972 521 Atque
992 462 1053 526 ego

215 526 352 610 quidem
364 527 546 592 obtundere
562 539 594 588 re
610 547 672 589 non
684 525 854 599 delium&
870 525 901 589 io
914 540 971 589 tna
981 546 1056 611 gra·

213 613 308 678 viora
324 614 428 677 studia
441 617 648 698 importunus
664 612 854 698 irrumpere.
868 616 928 676 Sed
942 611 1054 694 ignos-

215 720 251 764 ce
267 701 372 783 milri,
395 701 495 766 iacere
513 698 610 763 aliter
624 721 687 764 non
699 703 824 786 polium
842 718 852 764 ε
869 718 904 764 ea
920 697 964 763 en
976 698 1055 786 opi·

214 786 272 851 nio
287 807 357 852 mea
373 790 413 851 de
425 803 457 852 te
469 831 479 862 ,
493 805 528 853 ea
544 785 653 873 spen&
668 787 851 874 expediatio
862 787 986 850 antorit
1000 808 1054 852 er-

214 893 256 960 ga
272 895 323 940 me
348 874 422 948 tui,
443 891 480 940 ut
493 873 652 960 quicquid
680 897 741 962 rgo
757 892 850 960 agam
877 892 1052 958 quoquove

214 965 319 1027 rrtodo
346 986 394 1028 me
417 985 548 1048 geram,
571 960 653 1027 nihil
676 962 810 1040 omuino
825 962 946 1046 alloqui
969 962 1052 1026 milri

213 1047 348 1123 videar,
362 1052 418 1115 nist
433 1054 505 1119 id&
521 1050 796 1116 communicarunt
809 1064 916 1114 tecum
929 1094 939 1124 ,
952 1053 979 1116 u
993 1056 1052 1117 aba

216 1149 249 1201 re
266 1139 459 1222 potiffintom
474 1142 690 1227 approbarunt
703 1140 803 1205 fuerit
817 1175 826 1201 .
840 1137 1052 1204 latitantem

213 1240 337 1290 natura
356 1245 412 1291 tua
424 1231 554 1293 bonitas
571 1270 581 1300 ‚
610 1228 821 1301 hnmanitas,
848 1223 1052 1303 liberalitas,

212 1325 336 1378 utnon
369 1315 502 1380 liberius
526 1314 630 1379 solnm
656 1315 697 1375 ad
716 1330 747 1378 te
774 1314 889 1374 adeam
904 1355 915 1384 ,
940 1334 1052 1387 verum

213 1401 313 1466 etiam
333 1405 510 1468 audacius.
539 1404 597 1465 Sed
612 1416 649 1462 ur
663 1421 701 1463 ne
712 1401 750 1463 de
766 1398 818 1460 liis
832 1396 925 1481 plura
948 1406 1053 1479 (ete.

211 1485 280 1552 nim
296 1511 405 1556 vereor
424 1533 433 1561 ,
459 1512 497 1554 ne
509 1493 574 1554 hee
590 1507 659 1572 qua
676 1487 762 1554 ,dicre
779 1483 878 1558 sunt,
902 1485 934 1550 in
957 1502 1051 1555 tanta

211 1577 316 1640 nostra
329 1576 553 1659 conionslione
569 1573 732 1641 amorio&
752 1570 934 1636 animorum
948 1576 1049 1641 etiam

211 1661 312 1727 nimie
343 1665 445 1726 multa
470 1666 530 1729 esse
558 1663 731 1727 videantur
758 1664 784 1743 ),
802 1660 901 1723 habea
930 1658 1051 1731 librum

212 1769 309 1829 quent
326 1764 362 1815 nt
391 1749 536 1834 perlegas
552 1765 661 1816 torum
687 1754 714 1817 dr
740 1744 885 1812 accurate
901 1750 1050 1815 excutiat

214 1853 299 1917 rogo
312 1878 321 1895 .
349 1837 457 1900 Multa
468 1838 541 1902 sont
557 1838 588 1903 in
599 1861 640 1907 eo
653 1839 692 1902 de
705 1836 917 1901 sacramentis
932 1840 1049 1905 Eccle-

213 1922 260 1983 srae
279 1922 458 2010 conscripta
470 1940 580 1989 contra
595 1927 794 1992 lutheranus
803 1969 819 2000 ,
849 1925 881 1988 in
894 1927 1014 2008 quibus
1026 1931 1063 1994 fi«

213 2027 277 2074 uon
290 2010 472 2078 doilrinadr
490 2011 676 2096 ingenium,
696 2035 764 2078 ntea
778 2029 885 2076 tamen
896 2011 1051 2096 voluntat

213 2096 245 2162 in
262 2122 341 2164 verae
356 2099 490 2186 pietatis
515 2102 621 2163 lindio
637 2102 762 2189 egregie
778 2099 925 2163 constans
948 2121 1050 2187 appa.

210 2187 296 2250 tebit
308 2232 318 2252 .
341 2191 392 2257 De
406 2187 527 2272 quibus
542 2189 636 2253 rebus
649 2186 800 2261 omnibns
811 2185 949 2266 exquiro
961 2187 1052 2273 judi.

209 2274 296 2338 cium
313 2291 405 2341 tuum
419 2320 429 2348 ,
444 2277 542 2358 idque
558 2292 707 2360 praterea
720 2291 830 2360 precor
848 2284 967 2336 utrum
978 2295 1051 2338 am·

207 2362 356 2448 plill'rmis
376 2364 514 2448 collegis
539 2366 699 2434 nostrie-dr
713 2359 964 2428 corcordlffimis
979 2362 1048 2426 lra-

209 2451 317 2514 tribus
334 2454 481 2536 Fregosro
492 2495 503 2526 ,
522 2457 667 2528 Bembo‚
692 2451 804 2526 Polo,
832 2469 934 2514 meam
952 2450 1048 2516 lucu·

211 2541 390 2603 bratiotrem
403 2543 622 2607 communices
639 2582 648 2602 .
663 2547 776 2622 Neque
793 2559 906 2624 urgeas
923 2555 1046 2615 tamen,
1079 2601 1082 2605 .

207 2623 263 2689 uisi
291 2640 418 2692 tautum
430 2671 444 2703 ,.
468 2646 627 2712 quantum
644 2651 703 2694 eor
722 2625 846 2700 uiderit
859 2627 890 2688 in
912 2627 1048 2710 legendo

207 2714 317 2778 oneris
329 2728 428 2799 atque
454 2737 536 2781 turae
551 2716 690 2781 libenter
704 2715 789 2781 velle
803 2710 959 2796 suscipere
975 2732 983 2776 t
1007 2718 1050 2786 ue

207 2797 292 2864 sorte
318 2801 470 2886 dumego
490 2823 594 2867 meam
621 2801 803 2865 utilitatem
819 2819 946 2883 quaro,
970 2805 1047 2870 aliie

210 2888 368 2953 molesios
380 2892 435 2953 srm
446 2931 457 2962 ,
479 2894 507 2957 St
523 2887 700 2977 presertim
714 2887 757 2951 iia
774 2901 796 2960 ,¹
812 2907 952 2976 qpornnr
980 2889 1047 2974 ipse

208 2992 323 3038 omnes
342 2975 582 3041 sollicitudines
598 2980 627 3041 a
654 2975 820 3040 molestias
837 2994 910 3038 meo
936 2973 1045 3044 labore

204 3075 456 3146 arqueoernmna
474 3063 633 3128 redimere
646 3067 779 3146 paratus
794 3065 902 3127 rilem.
918 3063 967 3124 Ad
982 3067 1046 3131 ho·

204 3166 277 3214 rum
303 3171 473 3236 numerum
499 3149 837 3235 addet-Rodnlphum
865 3148 958 3216 Pium
986 3157 1044 3241 (a)

204 3235 366 3321 collegam
386 3237 786 3326 nostrum,dignillimnm(
799 3257 870 3301 meo
888 3236 1044 3324 judicio)

205 3325 263 3409 qui
277 3323 310 3389 in
324 3321 528 3394 summorum
543 3325 790 3412 &optimorum
815 3323 1044 3395 cardinalium

210 3467 214 3475 .
929 3435 1047 3484 nume·

949 3569 1042 3582 -G

210 3662 213 3667 .
232 3610 291 3693 it)
310 3615 1044 3710 Dtrnt'rdenuttrineplmccldxrprrtrlloe·436·
