2534 4342
345 405 569 478 EPI‘S'I'OLAE
592 406 884 474 FAMILIARES.
983 433 1047 497 4²7

195 493 414 561 attulerunt.
440 500 529 583 Quin
544 498 644 561 etiam
656 499 807 560 cumulus
824 495 960 560 additur
972 504 1015 562 est
1038 546 1050 577 ,

204 588 293 666 quod
307 585 339 650 in
365 584 432 649 suia
457 586 554 651 sacris
571 584 779 654 literieJoan.
798 584 981 649 Francilcue
1006 590 1046 654 de

204 684 261 736 tua
277 672 597 758 quadamegregiain
613 670 1048 740 setorerdoasunlevando

203 779 279 824 tura
290 762 331 824 irc
342 762 481 828 studiose
494 759 691 841 loquitur,rrr
703 758 839 824 salutern
854 758 943 824 luam
954 783 1050 846 pror.
1180 800 1182 807 ,

178 870 180 874 ’
204 844 259 912 sun
271 849 503 931 tibiacceptam
516 848 809 911 rideatnrreferrer
829 847 966 934 Reliqua
981 871 1052 936 quar

185 952 188 956 ’
204 931 320 1000 scribit
333 939 373 998 de
383 937 524 1001 Nicolao
539 933 691 1008 Peitullo
705 937 825 1006 nollro,
835 941 924 1018 quod
940 939 1051 1002 inuri.

204 1022 291 1088 rilice
306 1025 366 1089 tibi
382 1024 453 1090 uin
465 1021 724 1090 concionibus&
743 1022 775 1085 io
797 1023 865 1086 vita
887 1025 1051 1090 moribus·
1130 1040 1132 1042 ’

182 1120 185 1126 ’
204 1128 270 1193 que
291 1108 471 1177 satisfaciat
483 1113 546 1184 ,ea
562 1110 641 1173 mihi
655 1109 872 1187 jncundiffima
894 1112 1049 1188 fuerunt,

207 1214 265 1262 nec
276 1220 349 1264 eum
364 1215 471 1264 tamen
485 1213 653 1282 tantopere
665 1202 723 1263 abe
737 1212 769 1261 te
783 1197 910 1263 laudari
925 1201 1047 1275 miror,

208 1284 367 1364 summam
389 1289 473 1350 enim
486 1304 547 1365 ego
568 1304 700 1367 quoque
716 1307 788 1349 cum
801 1287 891 1348 illinit
906 1288 1000 1352 essem
1014 1287 1048 1353 in

208 1394 249 1436 eo
259 1374 481 1457 probitatem,
507 1371 667 1434 summam
690 1374 905 1445 modestiam,
935 1373 1048 1438 excel·

208 1459 327 1524 lentem
344 1481 417 1523 cum
442 1459 648 1543 linguarum,
674 1473 743 1522 tam
767 1461 969 1544 optimarum
991 1479 1049 1525 ar.

209 1544 472 1611 tiumicieutiam
491 1543 775 1629 eruditionemque
788 1548 926 1631 cognovi
942 1549 1048 1624 ‚iiius
1097 1619 1104 1625 „

208 1643 286 1698 vero
313 1630 527 1698 concionandi
552 1652 666 1715 genere
696 1632 779 1698 nihil
812 1632 952 1701 arbitror
981 1637 1050 1704 fieri

209 1719 318 1808 poiie,
341 1739 397 1784 nec
413 1718 642 1786 sententiarum
670 1720 793 1806 pietate
809 1719 969 1798 sanetius,
992 1743 1050 1792 nee

207 1827 316 1872 rerum
336 1804 461 1878 ordine¹
481 1804 694 1885 distinetiur,
722 1828 782 1875 nec
808 1809 957 1874 oratione
980 1809 1052 1878 ele·

210 1896 450 1981 gantiuratque
471 1892 652 1960 subtiliur.
677 1899 745 1989 Qi
770 1897 859 1980 quod
876 1910 942 1958 tam
961 1920 1051 1981 egre.

210 1984 296 2067 giam
320 1983 414 2047 nobis
426 2002 462 2046 ae
478 1998 546 2045 tam
564 1980 693 2048 fidelem
717 2003 849 2068 operam
863 1984 951 2066 apud
964 1986 1052 2053 cirre

210 2069 338 2134 nostroe
360 2070 529 2136 narraverit
544 2111 555 2143 ,
575 2090 632 2134 eos
645 2069 677 2133 in
693 2073 776 2133 retia
792 2075 853 2137 &a
867 2072 1049 2154 majoribus
1162 2059 1170 2111 s

160 2236 163 2243 Ι
212 2157 330 2222 nostris
356 2157 480 2221 tradita
507 2155 665 2240 religione
687 2175 724 2221 ae
739 2158 800 2220 lide
815 2157 1047 2236 continendis,

212 2249 242 2313 ἃ
256 2243 344 2308 dolie
355 2244 543 2328 infidiiique
558 2245 779 2309 haeretieorum
790 2243 962 2310 hominum
972 2267 1050 2333 ape·

213 2332 336 2397 riendlt
351 2376 361 2406 ,
386 2353 424 2398 ae
438 2347 593 2416 tanquam
604 2332 663 2399 iub
684 2330 847 2418 aspectum
857 2338 1017 2418 ponendir
1031 2354 1044 2413 3

214 2420 281 2486 diei
295 2441 358 2484 non
373 2421 478 2508 potell
497 2434 699 2507 quantopere
721 2419 772 2484 illi
798 2440 851 2483 ore
881 2419 918 2484 in
934 2419 1051 2511 perpe·

214 2522 310 2572 tuum
329 2510 390 2574 hoc
400 2507 531 2574 nomine
547 2509 737 2573 vobllriiium
762 2502 822 2572 elie
838 2507 1022 2596 intelligam
1038 2551 1049 2574 .

216 2597 258 2661 Ei
274 2613 305 2661 te
320 2597 481 2662 maximat
494 2596 573 2660 volo
586 2597 781 2663 meisverbir
793 2615 886 2680 agere
901 2600 1048 2680 gratiae,

216 2704 299 2771 quas
313 2683 362 2747 uti
384 2684 631 2750 etiamreieram
644 2684 785 2749 maxime
808 2687 971 2761 corneli,
993 2687 1051 2750 etii
1085 2690 1091 2700 '

216 2778 298 2840 hanc
321 2771 392 2855 ejus
405 2770 631 2835 remunerandi
644 2774 802 2835 rationem
816 2783 947 2854 propter
963 2773 1055 2838 sum-

187 2883 189 2887 ·
217 2881 305 2926 mam
321 2858 465 2923 horninir
493 2859 744 2930 abstinentiam,
775 2856 816 2918 de
829 2873 893 2939 qua
909 2871 946 2921 tu
974 2860 1055 2948 saepe

218 2950 261 3015 ad
278 2945 509 3033 meseripllsti,
530 2945 694 3011 difficilem
718 2945 785 3008 iore
798 2943 895 3007 rideo
908 2989 920 3022 ,
933 2967 1005 3012 cum
1025 2950 1055 3015 it
1084 2983 1086 2988 ·

218 3034 348 3105 nullum
372 3030 558 3112 hujusmodi
576 3031 710 3119 ipeilari
734 3045 905 3115 unquama·
918 3033 947 3099 se
962 3031 1058 3100 labo·

220 3141 292 3192 rum
305 3124 436 3190 suorum
451 3121 617 3206 premium
632 3117 813 3207 prescierat
824 3161 834 3181 ·
846 3122 907 3188 Sed
920 3144 987 3208 quo
999 3123 1058 3192 ille

223 3213 450 3284 moderatior,
474 3211 668 3272 hocomnia
693 3210 789 3274 nobie
807 3209 930 3273 horrore
959 3214 1055 3276 &re-

221 3302 450 3366 muneratione
467 3293 672 3381 estdlgnior·
698 3297 750 3361 De
771 3310 831 3360 tuo
852 3298 992 3362 adventu
1016 3300 1058 3362 ad

220 3410 281 3454 noe
299 3433 308 3462 ‚
324 3388 412 3470 quod
426 3403 457 3452 te
472 3398 617 3469 paratum
630 3385 671 3447 ad
684 3384 876 3447 veniendum
889 3385 1032 3449 ostendis
1047 3429 1059 3461 ‚

222 3477 305 3540 milri
317 3476 414 3542 valde
430 3487 556 3557 gratum
571 3513 581 3534 .
607 3471 772 3535 Farorfiut
784 3470 866 3534 mihi
883 3485 967 3536 certe
979 3493 1060 3535 con-

224 3565 401 3645 firmavit,·
420 3563 452 3632 ie
471 3559 532 3627 tibi
562 3558 768 3627 incertiorem
788 3561 850 3624 hoc
877 3562 1061 3648 Septembri

972 3667 1065 3715 men·
