2534 4342
158 441 477 575 amentiam,
522 441 869 582 religionem.
917 451 1022 556 Nes
1074 496 1077 500 ⁵

160 618 261 719 que
297 588 424 696 veru
450 579 594 688 aliter
622 587 685 690 de
708 589 791 690 Te
812 581 1021 693 Samiis·

159 723 309 827 fimus
342 718 601 827 Dominus
644 723 830 844 Noster
860 727 1021 832 CLE-

91 885 92 888 ‘
160 863 357 967 MENS
395 862 549 968 XIII.
594 857 886 991 judicavit,
930 860 1021 999 qui

159 996 365 1106 simulac
394 995 628 1104 Pontifex
653 999 915 1107 Maximus
950 998 1022 1107 fa·

159 1130 268 1243 &us
330 1139 455 1268 est,
511 1136 679 1243 statim
725 1138 1020 1273 gravissimo

161 1279 222 1380 S..
241 1273 449 1407 Spiritus
485 1274 777 1412 Pnaeceptnris
808 1310 1022 1385 munere
1049 1389 1051 1394 .

162 1413 295 1517 ultrb
310 1436 409 1518 tuae
428 1409 545 1516 fidei
559 1446 793 1549 curaeque
813 1412 1022 1521 deman·

128 1655 131 1659 ,
157 1547 310 1681 datu,
333 1549 576 1656 vixanuo
603 1547 775 1681 elapso
794 1555 876 1655 Te
891 1548 1022 1655 nihil

157 1690 262 1794 tale
311 1685 625 1820 cogitantem
683 1684 736 1791 in
787 1686 1019 1819 ampliffi·

153 1857 304 1933 mum
360 1828 757 1955 Purpuratorum
810 1829 1019 1937 Patrum

157 1969 400 2072 Senatum
435 1961 587 2069 bonis
614 1963 1020 2097 omnibus'plau·

157 2099 395 2209 dentibus
421 2103 734 2232 cooptavit,
771 2101 1019 2235 graviori-

157 2238 350 2376 busque
367 2239 587 2374 negotiis
602 2237 826 2370 praefecit
844 2237 1019 2345 utrius·

197 2412 260 2482 ue
296 2375 586 2506 potestatis.
635 2382 773 2484 Nam
806 2385 856 2484 δι
880 2379 1015 2485 inter

156 2413 381 2622 genitos
415 2510 713 2625 Cardinales
745 2515 834 2652 qui
866 2515 1018 2624 Sacrae

156 2651 468 2788 In.7nifiti0nis
496 2647 678 2892 officia,
721 2652 811 2789 qui
842 2657 1016 2762 Eccle-

154 2791 351 2898 stasticae
373 2788 512 2926 discip
533 2793 620 2896 inae
641 2797 885 2923 praeIunt,
908 2789 1016 2898 eos·

153 2963 255 3065 que
282 2951 550 3060 praeterea,
585 2927 674 3064 qui
687 2921 886 3032 Concilii
903 2927 1015 3033 Tri·
1074 3026 1076 3031 .

154 3066 338 3171 dentini
361 3065 634 3204 Interpretes
660 3091 909 3175 vocantur
929 3070 1014 3177 Te

153 3200 361 3334 retulit,
397 3209 447 3308 ἃ
483 3203 530 3310 S.
553 3206 596 3306 C
596 3208 932 3346 ungregationis.
956 3205 1012 3311 de

152 3337 465 3482 Propaganda
476 3341 526 3446 F
523 3339 719 3474 ide(cui
729 3378 829 3481 ego
841 3377 1013 3454 meam

151 3480 633 3687 quantulacumque
673 3513 735 3591 ea
774 3487 867 3621 fist.
890 3488 1027 3640 ope-'-

978 3644 1012 3691 m

660 3637 676 3707 ς
942 3642 974 3690 ta
