2534 4342
268 404 492 488 Epis'rQLru
514 406 807 476 FAMILIARES·
905 435 967 497 425

132 499 252 574 scribi,
276 513 375 579 quam
401 492 556 579 seriptum
580 498 648 571 est,
672 511 729 559 aut
751 497 968 566 honorificen-

131 592 201 664 tior
215 586 333 654 sentire
348 581 388 648 dt
413 603 462 644 me
480 625 490 655 2
514 602 612 664 quam
633 584 690 646 abs
710 597 741 647 te
759 587 803 649 est
819 588 936 650 fotium
954 589 967 654 i

100 699 107 713 ·
131 681 326 767 Quanquam
340 689 400 752 ego
417 671 456 732 de
469 672 592 745 judicio
607 669 699 756 ipso,
714 673 802 755 quod
818 683 853 737 to
868 677 971 741 deme

135 766 241 836 facie,
265 759 407 823 muitum
435 757 496 820 tibi
520 761 739 830 remitto,.de
768 779 878 825 amore
893 762 972 845 qui·

132 856 207 918 dem
221 850 326 913 nihil.
352 852 434 912 Nam
451 847 552 909 amari
563 860 631 911 a-te
651 846 748 932 cupio
762 848 898 914 &unior
920 851 974 913 id·
1055 849 1056 852 ’

132 963 195 1028 que
211 955 309 1022 quam
339 931 507 1008 mantione,
532 954 589 1000 nec
615 935 661 999 est
676 934 856 1018 quidquam
880 938 972 1020 quod

124 1027 214 1107 ‘mini
240 1021 365 1089 evenire
393 1021 485 1105 poffit
509 1021 688 1107 optatius?
714 1025 750 1086 In
779 1042 845 1107 quo
869 1026 971 1092 etiam

133 1117 289 1185 enixurus
311 1109 379 1174 sum
394 1152 404 1183 ,
428 1123 465 1170 ut
490 1115 607 1174 merito
630 1111 665 1175 id
693 1126 766 1192 meo
791 1129 809 1173 a
833 1115 865 1174 te
893 1115 970 1182 fiat.

87 1211 90 1216 ⁴
131 1209 206 1272 Nou
223 1202 308 1265 enim
322 1217 425 1280 neque
441 1197 473 1260 in
497 1218 608 1264 amore
623 1218 726 1282 neque
740 1195 811 1261 ulio
822 1199 853 1263 iu
864 1200 971 1264 officio

134 1292 196 1359 tibi
208 1289 278 1354 sum
295 1283 496 1353 conteiiurur
517 1324 527 1349 .
559 1285 658 1351 Tanti
685 1305 764 1350 vero
786 1286 854 1350 ieri
877 1305 895 1349 a
918 1300 971 1364 te,

133 1393 293 1466 quantum
308 1389 369 1435 tue
388 1371 487 1447 litere
504 1372 691 1445 declarant„
707 1392 815 1456 neque
830 1373 971 1459 postulo,

133 1486 236 1548 neque
262 1483 311 1524 me
337 1457 515 1520 admodum
549 1462 609 1525 eiie
642 1460 778 1542 dignum
802 1464 971 1526 arbitror.

134 1559 215 1621 Sunt
238 1551 270 1613 in
294 1567 345 1610 me
370 1544 499 1610 fortaiie
521 1551 642 1611 umbrae
664 1546 781 1630 alique
808 1550 971 1621 virtutum

134 1639 264 1725 magis,
282 1653 379 1721 quam
395 1631 556 1699 virtutes.
579 1634 703 1699 Sed'hae
723 1650 836 1700 tenues
853 1634 973 1705 &sub-

133 1728 280 1797 oscorae,
298 1743 353 1787 nec
368 1719 550 1786 illustribus
565 1721 647 1798 saris·
668 1723 769 1787 (iuste
794 1719 972 1789 lineamen-

133 1809 201 1881 tise
228 1831 316 1896 quar·
333 1827 406 1871 cum
420 1823 588 1896 tantopere
605 1810 671 1895 ipse
693 1831 790 1896 auger
803 1827 900 1896 atque
917 1833 975 1876 or·

134 1921 192 1965 nat
208 1944 218 1972 ,
244 1898 320 1964 faeie
336 1911 372 1958 tu
388 1896 520 1978 quidem
540 1901 630 1980 quod
656 1913 770 1964 natura
788 1916 842 1964 tua
857 1905 884 1968 St
900 1923 976 1966 ean·

135 1987 306 2053 dorarrirni
320 1985 461 2048 eximius
475 1986 640 2071 postulat.
665 1988 726 2049 Sed
741 1985 771 2048 in
787 2009 826 2050 eo
843 1990 976 2052 bonita-

135 2093 203 2147 tem
228 2078 257 2140 8<
284 2071 556 2140 liberalitatem&
578 2075 734 2137 virtutem
765 2086 855 2136 tuam
871 2076 975 2160 magia

139 2163 307 2234 ostendis,
331 2176 429 2242 quam
454 2158 594 2223 illustras
613 2179 738 2225 meam.
764 2161 863 2239 Quod
887 2166 975 2227 enim

137 2273 188 2316 me
202 2270 275 2314 cunr
295 2247 378 2312 Poio
402 2269 474 2312 meo
498 2262 554 2312 tua
575 2248 729 2334 opinione
745 2242 969 2332 sententiaque

131 2336 335 2422 'conjungis,
358 2336 489 2400 homine
513 2337 638 2403 summa
653 2333 864 2413 eruditione,
886 2335 977 2403 sum·

137 2426 190 2489 ma
204 2427 325 2511 pietate
349 2418 473 2486 summa
486 2424 839 2510 prudentiaproeditoss
865 2422 979 2511 optas·

128 2524 201 2596 'que
214 2515 315 2576 denne
337 2510 507 2597 utriusque
522 2514 665 2577 nostrum
686 2513 836 2587 similes,
869 2517 890 2578 ir
910 2507 976 2577 fieti

138 2605 230 2688 poiiit
244 2642 255 2673 ,
279 2597 448 2672 existere:
481 2621 620 2684 quornm
647 2602 743 2673 fide,
780 2601 977 2684 vigilantia,

139 2686 283 2754 consiliis
306 2685 431 2751 afflicte
443 2689 627 2752 Christianae
644 2689 780 2773 Reipub·
807 2687 978 2754 subreeia·
1006 2746 1008 2749 ,

142 2789 197 2842 tur
215 2822 223 2848 ,
248 2774 291 2836 est
310 2773 442 2858 quidem
468 2780 567 2842 hoc&
582 2777 831 2860 tuaeprobitatis
853 2795 888 2837 ac
901 2764 1000 2837 reli·'

139 2866 484 2950 gionieargumentu-rn
504 2864 702 2927 maximum:
720 2867 748 2929 a
767 2865 834 2949 ejus
847 2862 981 2946 opinio·

117 2952 119 2956 ’
140 2955 218 3027 nis,
240 2950 394 3036 quamde
414 2972 462 3016 me
476 2954 573 3016 habes
591 2964 803 3035 conceptam,
822 2948 980 3015 indicium

142 3038 284 3124 insigne.
312 3039 528 3102 Veruntamen
550 3036 653 3112 scito,
676 3059 749 3101 eum
771 3038 894 3116 iamdiu
912 3037 980 3107 fit,

143 3129 233 3209 quod
246 3145 306 3211 ego
317 3123 423 3188 virum
437 3126 529 3190 iilum
545 3129 573 3190 a
588 3124 664 3188 colo
679 3125 861 3193 &admiror
873 3171 884 3201 ,
898 3143 982 3187 nun·

143 3234 242 3296 quam
260 3208 308 3276 m'e
322 3228 435 3294 optare
455 3214 514 3276 eiie
529 3209 666 3286 ausum,
692 3228 729 3275 ut
741 3236 814 3278 enm
828 3237 868 3278 eo
890 3232 982 3276 com·

142 3319 261 3386 parer:
286 3313 411 3364 rantum
433 3299 480 3366 sat
495 3299 576 3362 miiri
589 3300 713 3381 duxiiie
728 3303 754 3364 ii·
767 3302 860 3365 iilius
882 3299 983 3364 modo

142 3384 290 3473 persequi
312 3387 468 3472 vestigia,
489 3388 541 3450 vei
567 3387 680 3472 procui
710 3388 913 3455 observando·
933 3399 985 3448 at·

139 3495 204 3557 qne
233 3471 393 3537 imitando
413 3476 554 3553 poiiem‘.
580 3477 697 3556 itaque
724 3479 827 3538 habeo
855 3499 928 3541 eum
952 3482 1005 3555 tr,

147 3563 180 3628 in
195 3559 264 3626 rita
278 3563 347 3628 Srin
358 3558 573 3650 discipline&
587 3560 618 3627 in
633 3563 785 3658 omnihus
796 3567 987 3644 forensibus,

902 3650 993 3722 seua·
1089 3737 1093 3744 Ι
