2534 4342
199 349 244 423 ao
348 340 557 417 Jacoat
595 339 889 416 S'ADOLETI

202 441 287 504 Nam
315 450 387 497 eum
422 429 769 519 letarer'magnopere
793 439 821 500 a
845 434 1046 518 gauderem}

203 522 294 608 quod
308 517 531 601 intelligebam
556 538 670 582 meum
690 520 833 585 absentis
848 543 965 587 nomen
979 527 1045 588 ne»

200 632 268 676 rere
290 607 398 670 etiarn·
415 626 498 670 nunc
521 603 553 667 in
570 609 727 671 memoria
753 605 934 674 labilitatis
958 626 1044 685 tuae,

194 719 274 780 pquo
288 693 369 758 nihil
397 694 477 757 milri
493 693 619 758 evenire
644 696 791 779 optatius
817 699 944 783 potest:
960 697 1044 761 iilud

203 800 312 849 tamen
329 780 469 866 graviter
483 780 678 867 molesteque
696 786 833 847 ferebam
847 828 858 859 ‚
872 785 1044 872 quodfuort

204 872 355 936 videbam
383 871 443 934 boc
469 884 614 952 tempore
641 892 708 953 quo
728 876 822 957 padio
842 875 982 960 possem,
1010 873 1045 935 id

202 959 293 1045 quod
319 954 441 1030 semper
467 956 608 1022 maxime
631 958 728 1046 cupio
752 1002 763 1033 ‚
789 962 951 1026 mandatis
976 963 1045 1023 tuis

204 1046 438 1129 voluntatique
457 1064 587 1130 parere.
612 1044 728 1130 Itaque
745 1068 972 1136 compararem
994 1049 1045 1134 ip-

204 1133 239 1203 se
251 1157 300 1198 me
316 1131 571 1198 adscribendum
588 1131 750 1198 sanctitati
764 1149 847 1213 ture,
871 1153 907 1202 ut
923 1154 1045 1222 appro-

204 1226 381 1313 pinquante
396 1226 460 1299 jam
473 1219 564 1300 exitu
583 1222 646 1284 mei
660 1238 887 1300 commeatus,
912 1220 1045 1307 longio-

203 1334 272 1378 rem
283 1310 395 1373 mihia
414 1322 445 1374 te
462 1309 552 1372 diem
566 1313 735 1396 prorogari
754 1328 918 1396 peterem:
935 1310 1042 1373 attare

203 1400 308 1464 adme
337 1396 466 1461 interim
493 1395 567 1461 suot
588 1399 724 1462 Farnesri
749 1398 875 1476 necte,
901 1417 970 1481 quae
992 1419 1043 1462 me

204 1485 277 1553 sane
292 1485 471 1551 admonent
481 1500 538 1560 ‚ut
549 1484 583 1563 id
597 1489 687 1569 quod
702 1490 803 1552 facere
815 1487 1043 1560 decreveram,

182 1584 185 1590 '
203 1575 319 1640 faciam
335 1573 441 1640 etiam·
457 1576 641 1639 accuratius
652 1596 713 1639 ene
733 1595 797 1658 qua
820 1575 926 1640 aliena
940 1592 957 1635 a
972 1592 1043 1636 mea

198 1683 273 1748 terga
288 1662 489 1728 sanititatem
508 1681 597 1728 tuam
619 1662 849 1728 obedientia&
869 1663 1041 1726 voluntate

202 1752 347 1815 animum
379 1763 474 1812 tuum
490 1751 573 1815 forte
591 1749 703 1816 subeat
715 1751 852 1836 opinio.
874 1753 940 1834 Ego
956 1747 1048 1813 enim-v
1094 1821 1096 1825 y

203 1842 299 1905 Pater
320 1835 503 1901 sanstissime
518 1882 529 1912 ,
545 1860 615 1902 cunr
632 1837 754 1923 semper
774 1840 861 1924 apud
886 1836 1043 1901 sanutu-

201 1938 269 1988 tem
291 1938 381 1986 tuam
404 1923 463 1984 elle
479 1926 598 2009 cupio,
624 1943 722 2006 quam
737 1928 840 1989 habeo
866 1928 1042 1987 authorem

203 2031 281 2074 rrreae
297 2008 407 2074 omnis
429 2007 626 2092 dignitatis:
642 2024 712 2074 tram
727 2013 802 2076 bule
816 2011 913 2076 etia'nr
926 2011 1042 2074 honori

132 2161 134 2165 .
201 2094 390 2168 muneri,
417 2097 515 2179 quod·
534 2099 679 2162 mihiab·
699 2100 811 2162 eadem
837 2097 1042 2162 commissum

201 2187 271 2266 este
295 2183 396 2251 deell'e
412 2185 556 2268 protetio
568 2187 770 2252 nondebeo.
790 2185 835 2249 Ut
849 2206 912 2251 non
932 2183 1042 2248 solunt

186 2291 330 2349 amore,
359 2274 419 2356 qei-
438 2287 523 2341 certe
549 2295 622 2341 meo
645 2274 804 2340 inanimo
829 2294 902 2361 erga
928 2277 1043 2340 tella·

198 2367 331 2448 grans&
344 2375 518 2446 perpetuus
534 2365 604 2439 eli,
626 2363 682 2429 sed
699 2360 961 2449 ipsoetiamviri
977 2363 1042 2426 bo-

193 2451 232 2517 ni
248 2450 354 2514 officio
368 2463 521 2533 appetere
543 2472 662 2535 cogar,
685 2452 769 2517 eum·
784 2448 846 2513 frui
865 2463 984 2536 optato
1009 2453 1042 2518 dt
1102 2467 1106 2474 ·

202 2538 393 2604 defiderato-
402 2533 569 2618 conspeetu
586 2554 644 2603 ruo
655 2560 678 2615 ς*
688 2552 758 2603 tum
769 2535 928 2602 senatoria
942 2557 1041 2620 opera

161 2683 164 2688 .
196 2642 404 2706 muneraque
417 2622 508 2686 obire
521 2625 745 2690 :eavidelr'cet
756 2667 766 2697 ,
779 2644 847 2704 quae
861 2627 901 2687 ad
916 2626 1038 2688 bonum

199 2719 230 2782 ἃ
245 2711 477 2796 diligentem&
491 2729 656 2778 amantem
680 2708 1041 2797 Reipub.Cardinalem

162 2851 166 2855 -
198 2800 388 2890 pertinent,
414 2799 695 2880 quemadmodum
719 2811 821 2864 certe·
838 2799 919 2864 mihi
946 2818 1040 2883 agere

194 2892 323 2974 l'emper
339 2888 632 2972 propositumest.
655 2886 970 2979 Quocirca-norrego
984 2885 1041 2949 bie

199 2981 334 3064 quidem
349 2994 461 3039 rrraneo
478 2974 624 3053 invitus,
652 2978 683 3041 in
699 2988 790 3042 tanta
803 2977 920 3039 horum
931 2996 1042 3061 popu·

198 3068 305 3132 lorum
322 3060 469 3126 omnium
482 3084 555 3149 erga
571 3087 619 3130 me
632 3062 859 3130 benevolentia
873 3067 909 3128 Se
920 3063 1041 3125 voluu-

199 3170 280 3228 tate,
295 3169 361 3216 tam
377 3148 496 3213 salubri
511 3152 598 3214 coelo
615 3166 692 3225 ,tot
703 3149 923 3214 etiam-errzme
936 3149 1041 3213 aiilo-

198 3243 296 3308 nibus
312 3237 352 3298 ad
367 3237 506 3301 seusium
530 3258 675 3303 meorum
705 3237 928 3322 populorum,
954 3236 1041 3303 Srad

198 3326 389 3396 servandam
403 3325 434 3388 in
451 3324 502 3388 his
518 3328 635 3391 reliam
651 3324 839 3410 religionem
857 3366 867 3398 ,
890 3343 959 3407 que
976 3344 1040 3408 op-

201 3419 427 3502 pugnabatur,
441 3413 677 3500 prodeuntibus
697 3457 706 3478 .
728 3410 790 3478 Sed
804 3426 909 3476 tamen
920 3410 1040 3495 sanili-

190 3501 1037 3603 'batemtuamg,urbemqueliomanamassidueanre

232 3616 236 3621 ·
746 3660 749 3669 ,
840 3678 843 3685 ¹
961 3608 1036 3692 anag
