<?xml version="1.0" encoding="UTF-8"?>
<!DOCTYPE html PUBLIC "-//W3C//DTD XHTML 1.0 Transitional//EN"
    "http://www.w3.org/TR/xhtml1/DTD/xhtml1-transitional.dtd">
<html xmlns="http://www.w3.org/1999/xhtml" xml:lang="en" lang="en">
 <head>
  <title>
</title>
<meta http-equiv="Content-Type" content="text/html;charset=utf-8" />
  <meta name='ocr-system' content='tesseract 3.04.00' />
  <meta name='ocr-capabilities' content='ocr_page ocr_carea ocr_par ocr_line ocrx_word'/>
</head>
<body>
  <div class='ocr_page' id='page_1' title='image "./jacobisadoletie00sadogoog_0460.png"; bbox 0 0 2534 4342; ppageno 0'>
   <div class='ocr_carea' id='block_1_1' title="bbox 134 409 983 3446">
    <p class='ocr_par' dir='ltr' id='par_1_1' title="bbox 134 409 983 3446">
     <span class='ocr_line' id='line_1_1' title="bbox 280 409 977 496; baseline 0.001 -21"><span class='ocrx_word' id='word_1_1' title='bbox 280 409 502 476; x_wconf 73' lang='lat' dir='ltr'>EPISTOLAE</span> <span class='ocrx_word' id='word_1_2' title='bbox 525 410 810 478; x_wconf 67' lang='lat' dir='ltr'>tumtunm.</span> <span class='ocrx_word' id='word_1_3' title='bbox 907 410 977 496; x_wconf 56' lang='grc' dir='ltr'>ζῇ</span> 
     </span>
     <span class='ocr_line' id='line_1_2' title="bbox 135 491 978 584; baseline 0.004 -25"><span class='ocrx_word' id='word_1_4' title='bbox 135 491 207 580; x_wconf 74' lang='lat' dir='ltr'>cepi</span> <span class='ocrx_word' id='word_1_5' title='bbox 223 539 233 570; x_wconf 90' lang='lat'>,</span> <span class='ocrx_word' id='word_1_6' title='bbox 260 512 378 582; x_wconf 77' lang='lat' dir='ltr'>utque</span> <span class='ocrx_word' id='word_1_7' title='bbox 392 513 558 562; x_wconf 85' lang='lat' dir='ltr'>commota</span> <span class='ocrx_word' id='word_1_8' title='bbox 572 500 617 562; x_wconf 83' lang='lat' dir='ltr'>est</span> <span class='ocrx_word' id='word_1_9' title='bbox 640 500 810 564; x_wconf 87' lang='lat' dir='ltr'>hominum</span> <span class='ocrx_word' id='word_1_10' title='bbox 822 506 978 584; x_wconf 54' lang='lat' dir='ltr'>expee‘la·</span> 
     </span>
     <span class='ocr_line' id='line_1_3' title="bbox 135 582 976 667; baseline 0.007 -24"><span class='ocrx_word' id='word_1_11' title='bbox 135 582 186 647; x_wconf 92' lang='lat' dir='ltr'>tio</span> <span class='ocrx_word' id='word_1_12' title='bbox 201 588 219 667; x_wconf 86' lang='lat'>(</span> <span class='ocrx_word' id='word_1_13' title='bbox 232 606 304 647; x_wconf 88' lang='lat' dir='ltr'>cum</span> <span class='ocrx_word' id='word_1_14' title='bbox 316 588 380 649; x_wconf 83' lang='lat' dir='ltr'>fere</span> <span class='ocrx_word' id='word_1_15' title='bbox 391 604 502 650; x_wconf 77' lang='lat' dir='ltr'>omnes</span> <span class='ocrx_word' id='word_1_16' title='bbox 514 587 546 655; x_wconf 88' lang='lat' dir='ltr'>in</span> <span class='ocrx_word' id='word_1_17' title='bbox 564 589 634 652; x_wconf 76' lang='lat' dir='ltr'>te&amp;</span> <span class='ocrx_word' id='word_1_18' title='bbox 650 585 795 653; x_wconf 73' lang='lat' dir='ltr'>oculte&amp;</span> <span class='ocrx_word' id='word_1_19' title='bbox 811 587 976 650; x_wconf 71' lang='lat' dir='ltr'>mentibus</span> 
     </span>
     <span class='ocr_line' id='line_1_4' title="bbox 136 671 978 756; baseline 0.013 -27"><span class='ocrx_word' id='word_1_20' title='bbox 136 673 276 734; x_wconf 81' lang='lat' dir='ltr'>conversr</span> <span class='ocrx_word' id='word_1_21' title='bbox 291 672 383 755; x_wconf 78' lang='lat' dir='ltr'>l&#39;rnt)</span> <span class='ocrx_word' id='word_1_22' title='bbox 400 689 435 735; x_wconf 86' lang='lat' dir='ltr'>ea</span> <span class='ocrx_word' id='word_1_23' title='bbox 451 691 523 734; x_wconf 84' lang='lat' dir='ltr'>cum</span> <span class='ocrx_word' id='word_1_24' title='bbox 546 671 666 756; x_wconf 86' lang='lat' dir='ltr'>ingenii</span> <span class='ocrx_word' id='word_1_25' title='bbox 691 675 741 737; x_wconf 87' lang='lat' dir='ltr'>tui</span> <span class='ocrx_word' id='word_1_26' title='bbox 763 673 883 749; x_wconf 86' lang='lat' dir='ltr'>laude,</span> <span class='ocrx_word' id='word_1_27' title='bbox 905 689 978 740; x_wconf 83' lang='lat' dir='ltr'>tum·</span> 
     </span>
     <span class='ocr_line' id='line_1_5' title="bbox 134 749 978 845; baseline 0.008 -27"><span class='ocrx_word' id='word_1_28' title='bbox 134 749 506 845; x_wconf 68' lang='lat' dir='ltr'>virtutir&amp;pro&#39;bitatie</span> <span class='ocrx_word' id='word_1_29' title='bbox 533 759 637 842; x_wconf 82' lang='lat' dir='ltr'>gloria</span> <span class='ocrx_word' id='word_1_30' title='bbox 659 762 849 844; x_wconf 79' lang='lat' dir='ltr'>expleatur.</span> <span class='ocrx_word' id='word_1_31' title='bbox 873 760 978 842; x_wconf 90' lang='lat' dir='ltr'>Quod</span> 
     </span>
     <span class='ocr_line' id='line_1_6' title="bbox 135 844 979 927; baseline 0.011 -23"><span class='ocrx_word' id='word_1_32' title='bbox 135 844 190 905; x_wconf 88' lang='lat' dir='ltr'>etsr</span> <span class='ocrx_word' id='word_1_33' title='bbox 205 844 334 910; x_wconf 84' lang='lat' dir='ltr'>difficile</span> <span class='ocrx_word' id='word_1_34' title='bbox 361 845 492 909; x_wconf 86' lang='lat' dir='ltr'>videtur</span> <span class='ocrx_word' id='word_1_35' title='bbox 506 850 592 921; x_wconf 81' lang='lat' dir='ltr'>effe,</span> <span class='ocrx_word' id='word_1_36' title='bbox 617 850 706 927; x_wconf 87' lang='lat' dir='ltr'>quod</span> <span class='ocrx_word' id='word_1_37' title='bbox 729 847 810 911; x_wconf 88' lang='lat' dir='ltr'>nihil</span> <span class='ocrx_word' id='word_1_38' title='bbox 834 865 851 908; x_wconf 85' lang='lat' dir='ltr'>a</span> <span class='ocrx_word' id='word_1_39' title='bbox 869 861 900 910; x_wconf 87' lang='lat' dir='ltr'>te</span> <span class='ocrx_word' id='word_1_40' title='bbox 917 870 979 912; x_wconf 82' lang='lat' dir='ltr'>ex·</span> 
     </span>
     <span class='ocr_line' id='line_1_7' title="bbox 134 932 979 1022; baseline 0.008 -30"><span class='ocrx_word' id='word_1_41' title='bbox 134 932 279 1012; x_wconf 76' lang='lat' dir='ltr'>pettatur</span> <span class='ocrx_word' id='word_1_42' title='bbox 293 944 349 996; x_wconf 87' lang='lat' dir='ltr'>aut</span> <span class='ocrx_word' id='word_1_43' title='bbox 360 933 586 997; x_wconf 78' lang='lat' dir='ltr'>ulutatum&#39;aot</span> <span class='ocrx_word' id='word_1_44' title='bbox 596 934 884 1007; x_wconf 84' lang='lat' dir='ltr'>medioere,trmeo</span> <span class='ocrx_word' id='word_1_45' title='bbox 898 956 979 1022; x_wconf 87' lang='lat' dir='ltr'>pro·</span> 
     </span>
     <span class='ocr_line' id='line_1_8' title="bbox 134 1015 981 1105; baseline 0.011 -28"><span class='ocrx_word' id='word_1_46' title='bbox 134 1015 242 1099; x_wconf 87' lang='lat' dir='ltr'>prium</span> <span class='ocrx_word' id='word_1_47' title='bbox 259 1019 302 1082; x_wconf 89' lang='lat' dir='ltr'>est</span> <span class='ocrx_word' id='word_1_48' title='bbox 316 1020 441 1104; x_wconf 72' lang='lat' dir='ltr'>generis</span> <span class='ocrx_word' id='word_1_49' title='bbox 457 1024 485 1090; x_wconf 76' lang='lat' dir='ltr'>St</span> <span class='ocrx_word' id='word_1_50' title='bbox 500 1019 692 1105; x_wconf 77' lang='lat' dir='ltr'>prostantiie</span> <span class='ocrx_word' id='word_1_51' title='bbox 714 1021 816 1084; x_wconf 84' lang='lat' dir='ltr'>animi</span> <span class='ocrx_word' id='word_1_52' title='bbox 840 1021 890 1084; x_wconf 91' lang='lat' dir='ltr'>toi</span> <span class='ocrx_word' id='word_1_53' title='bbox 901 1066 912 1095; x_wconf 91' lang='lat'>,</span> <span class='ocrx_word' id='word_1_54' title='bbox 936 1040 981 1086; x_wconf 88' lang='lat' dir='ltr'>eo·</span> 
     </span>
     <span class='ocr_line' id='line_1_9' title="bbox 135 1102 975 1192; baseline 0.007 -26"><span class='ocrx_word' id='word_1_55' title='bbox 135 1102 220 1166; x_wconf 85' lang='lat' dir='ltr'>velle</span> <span class='ocrx_word' id='word_1_56' title='bbox 234 1109 370 1181; x_wconf 89' lang='lat' dir='ltr'>conniti,</span> <span class='ocrx_word' id='word_1_57' title='bbox 381 1126 446 1190; x_wconf 89' lang='lat' dir='ltr'>quo</span> <span class='ocrx_word' id='word_1_58' title='bbox 464 1128 559 1172; x_wconf 89' lang='lat' dir='ltr'>nemo</span> <span class='ocrx_word' id='word_1_59' title='bbox 571 1106 729 1170; x_wconf 79' lang='lat' dir='ltr'>aliusnon</span> <span class='ocrx_word' id='word_1_60' title='bbox 743 1109 845 1185; x_wconf 80' lang='lat' dir='ltr'>modo</span> <span class='ocrx_word' id='word_1_61' title='bbox 858 1131 975 1192; x_wconf 81' lang='lat' dir='ltr'>perve-</span> 
     </span>
     <span class='ocr_line' id='line_1_10' title="bbox 135 1189 977 1279; baseline 0.006 -27"><span class='ocrx_word' id='word_1_62' title='bbox 135 1189 217 1270; x_wconf 89' lang='lat' dir='ltr'>nire,</span> <span class='ocrx_word' id='word_1_63' title='bbox 228 1189 282 1254; x_wconf 88' lang='lat' dir='ltr'>sed</span> <span class='ocrx_word' id='word_1_64' title='bbox 296 1216 334 1261; x_wconf 90' lang='lat' dir='ltr'>oe</span> <span class='ocrx_word' id='word_1_65' title='bbox 347 1194 478 1279; x_wconf 87' lang='lat' dir='ltr'>aspirari</span> <span class='ocrx_word' id='word_1_66' title='bbox 491 1195 624 1277; x_wconf 87' lang='lat' dir='ltr'>quidem</span> <span class='ocrx_word' id='word_1_67' title='bbox 637 1194 723 1277; x_wconf 83' lang='lat' dir='ltr'>polle</span> <span class='ocrx_word' id='word_1_68' title='bbox 739 1194 977 1260; x_wconf 65' lang='lat' dir='ltr'>videatorbli-</span> 
     </span>
     <span class='ocr_line' id='line_1_11' title="bbox 135 1275 974 1365; baseline 0.01 -28"><span class='ocrx_word' id='word_1_69' title='bbox 135 1275 170 1337; x_wconf 85' lang='lat' dir='ltr'>bi</span> <span class='ocrx_word' id='word_1_70' title='bbox 189 1279 322 1361; x_wconf 89' lang='lat' dir='ltr'>quidem</span> <span class='ocrx_word' id='word_1_71' title='bbox 336 1303 394 1365; x_wconf 90' lang='lat' dir='ltr'>pro</span> <span class='ocrx_word' id='word_1_72' title='bbox 408 1299 478 1345; x_wconf 90' lang='lat' dir='ltr'>mea</span> <span class='ocrx_word' id='word_1_73' title='bbox 495 1281 617 1346; x_wconf 83' lang='lat' dir='ltr'>summa</span> <span class='ocrx_word' id='word_1_74' title='bbox 633 1298 706 1362; x_wconf 83' lang='lat' dir='ltr'>erga</span> <span class='ocrx_word' id='word_1_75' title='bbox 723 1293 754 1345; x_wconf 91' lang='lat' dir='ltr'>te</span> <span class='ocrx_word' id='word_1_76' title='bbox 777 1281 974 1349; x_wconf 80' lang='lat' dir='ltr'>benevolen-</span> 
     </span>
     <span class='ocr_line' id='line_1_12' title="bbox 135 1363 978 1452; baseline 0.002 -23"><span class='ocrx_word' id='word_1_77' title='bbox 135 1363 204 1436; x_wconf 67' lang='lat' dir='ltr'>tia,</span> <span class='ocrx_word' id='word_1_78' title='bbox 219 1365 297 1451; x_wconf 68' lang='lat' dir='ltr'>sepe</span> <span class='ocrx_word' id='word_1_79' title='bbox 307 1368 498 1431; x_wconf 85' lang='lat' dir='ltr'>deiiderarrti</span> <span class='ocrx_word' id='word_1_80' title='bbox 508 1365 718 1452; x_wconf 75' lang='lat' dir='ltr'>congressum,</span> <span class='ocrx_word' id='word_1_81' title='bbox 728 1381 826 1450; x_wconf 86' lang='lat' dir='ltr'>atque</span> <span class='ocrx_word' id='word_1_82' title='bbox 836 1367 978 1452; x_wconf 82' lang='lat' dir='ltr'>conspe·</span> 
     </span>
     <span class='ocr_line' id='line_1_13' title="bbox 135 1451 975 1527; baseline 0.006 -16"><span class='ocrx_word' id='word_1_83' title='bbox 135 1451 221 1514; x_wconf 77' lang='lat' dir='ltr'>ttunr</span> <span class='ocrx_word' id='word_1_84' title='bbox 236 1467 329 1516; x_wconf 87' lang='lat' dir='ltr'>tuum</span> <span class='ocrx_word' id='word_1_85' title='bbox 344 1494 354 1527; x_wconf 89' lang='lat'>‚</span> <span class='ocrx_word' id='word_1_86' title='bbox 377 1458 407 1520; x_wconf 76' lang='lat' dir='ltr'>tr</span> <span class='ocrx_word' id='word_1_87' title='bbox 422 1454 464 1516; x_wconf 93' lang='lat' dir='ltr'>ob</span> <span class='ocrx_word' id='word_1_88' title='bbox 479 1455 561 1517; x_wconf 85' lang='lat' dir='ltr'>hanc</span> <span class='ocrx_word' id='word_1_89' title='bbox 572 1451 700 1517; x_wconf 86' lang='lat' dir='ltr'>causam</span> <span class='ocrx_word' id='word_1_90' title='bbox 714 1464 746 1516; x_wconf 91' lang='lat' dir='ltr'>te</span> <span class='ocrx_word' id='word_1_91' title='bbox 768 1453 801 1518; x_wconf 90' lang='lat' dir='ltr'>in</span> <span class='ocrx_word' id='word_1_92' title='bbox 821 1457 906 1519; x_wconf 82' lang='lat' dir='ltr'>Urbe</span> <span class='ocrx_word' id='word_1_93' title='bbox 921 1452 975 1518; x_wconf 82' lang='lat' dir='ltr'>vi·</span> 
     </span>
     <span class='ocr_line' id='line_1_14' title="bbox 136 1537 978 1627; baseline 0.008 -31"><span class='ocrx_word' id='word_1_94' title='bbox 136 1537 212 1598; x_wconf 86' lang='lat' dir='ltr'>dere</span> <span class='ocrx_word' id='word_1_95' title='bbox 225 1540 381 1625; x_wconf 88' lang='lat' dir='ltr'>cupienti,</span> <span class='ocrx_word' id='word_1_96' title='bbox 393 1538 451 1603; x_wconf 82' lang='lat' dir='ltr'>illa</span> <span class='ocrx_word' id='word_1_97' title='bbox 467 1537 592 1604; x_wconf 75' lang='lat' dir='ltr'>levatio</span> <span class='ocrx_word' id='word_1_98' title='bbox 604 1537 754 1603; x_wconf 88' lang='lat' dir='ltr'>dcsrderii</span> <span class='ocrx_word' id='word_1_99' title='bbox 767 1537 890 1627; x_wconf 80' lang='lat' dir='ltr'>semper</span> <span class='ocrx_word' id='word_1_100' title='bbox 900 1560 978 1625; x_wconf 89' lang='lat' dir='ltr'>pro·</span> 
     </span>
     <span class='ocr_line' id='line_1_15' title="bbox 134 1625 975 1710; baseline 0.004 -24"><span class='ocrx_word' id='word_1_101' title='bbox 134 1625 240 1709; x_wconf 81' lang='lat' dir='ltr'>posrta</span> <span class='ocrx_word' id='word_1_102' title='bbox 263 1627 307 1690; x_wconf 87' lang='lat' dir='ltr'>est</span> <span class='ocrx_word' id='word_1_103' title='bbox 322 1669 334 1700; x_wconf 86' lang='lat'>‚</span> <span class='ocrx_word' id='word_1_104' title='bbox 348 1627 438 1710; x_wconf 90' lang='lat' dir='ltr'>quod</span> <span class='ocrx_word' id='word_1_105' title='bbox 449 1625 623 1708; x_wconf 76' lang='lat' dir='ltr'><strong>intelligo,</strong></span> <span class='ocrx_word' id='word_1_106' title='bbox 648 1641 681 1689; x_wconf 90' lang='lat' dir='ltr'>te</span> <span class='ocrx_word' id='word_1_107' title='bbox 695 1625 773 1688; x_wconf 88' lang='lat' dir='ltr'>dum</span> <span class='ocrx_word' id='word_1_108' title='bbox 791 1629 867 1692; x_wconf 82' lang='lat' dir='ltr'>abet</span> <span class='ocrx_word' id='word_1_109' title='bbox 881 1647 899 1689; x_wconf 83' lang='lat' dir='ltr'>a</span> <span class='ocrx_word' id='word_1_110' title='bbox 913 1646 975 1691; x_wconf 89' lang='lat' dir='ltr'>no·</span> 
     </span>
     <span class='ocr_line' id='line_1_16' title="bbox 141 1710 974 1799; baseline 0.006 -26"><span class='ocrx_word' id='word_1_111' title='bbox 141 1710 192 1774; x_wconf 82' lang='lat' dir='ltr'>bie</span> <span class='ocrx_word' id='word_1_112' title='bbox 211 1756 222 1787; x_wconf 87' lang='lat'>,</span> <span class='ocrx_word' id='word_1_113' title='bbox 251 1712 284 1774; x_wconf 90' lang='lat' dir='ltr'>id</span> <span class='ocrx_word' id='word_1_114' title='bbox 298 1732 392 1799; x_wconf 80' lang='lat' dir='ltr'>agere</span> <span class='ocrx_word' id='word_1_115' title='bbox 408 1711 594 1778; x_wconf 79' lang='lat' dir='ltr'>ermendrei</span> <span class='ocrx_word' id='word_1_116' title='bbox 607 1711 653 1775; x_wconf 90' lang='lat' dir='ltr'>rei</span> <span class='ocrx_word' id='word_1_117' title='bbox 662 1731 791 1796; x_wconf 86' lang='lat' dir='ltr'>operam</span> <span class='ocrx_word' id='word_1_118' title='bbox 814 1714 912 1786; x_wconf 81' lang='lat' dir='ltr'>dare,</span> <span class='ocrx_word' id='word_1_119' title='bbox 934 1727 974 1778; x_wconf 90' lang='lat' dir='ltr'>ut</span> 
     </span>
     <span class='ocr_line' id='line_1_17' title="bbox 139 1799 973 1884; baseline 0.005 -24"><span class='ocrx_word' id='word_1_120' title='bbox 139 1817 213 1860; x_wconf 89' lang='lat' dir='ltr'>cum</span> <span class='ocrx_word' id='word_1_121' title='bbox 234 1801 371 1865; x_wconf 80' lang='lat' dir='ltr'>Romam</span> <span class='ocrx_word' id='word_1_122' title='bbox 394 1800 455 1864; x_wconf 90' lang='lat' dir='ltr'>tibi</span> <span class='ocrx_word' id='word_1_123' title='bbox 480 1799 577 1863; x_wconf 80' lang='lat' dir='ltr'>luerit</span> <span class='ocrx_word' id='word_1_124' title='bbox 592 1799 841 1875; x_wconf 84' lang='lat' dir='ltr'>revertendum,</span> <span class='ocrx_word' id='word_1_125' title='bbox 867 1800 973 1884; x_wconf 86' lang='lat' dir='ltr'>major</span> 
     </span>
     <span class='ocr_line' id='line_1_18' title="bbox 136 1883 977 1969; baseline 0.005 -23"><span class='ocrx_word' id='word_1_126' title='bbox 136 1883 247 1948; x_wconf 87' lang='lat' dir='ltr'>multo</span> <span class='ocrx_word' id='word_1_127' title='bbox 261 1887 302 1948; x_wconf 91' lang='lat' dir='ltr'>ad</span> <span class='ocrx_word' id='word_1_128' title='bbox 314 1907 374 1950; x_wconf 79' lang='lat' dir='ltr'>not</span> <span class='ocrx_word' id='word_1_129' title='bbox 385 1902 484 1969; x_wconf 88' lang='lat' dir='ltr'>atque</span> <span class='ocrx_word' id='word_1_130' title='bbox 500 1886 647 1950; x_wconf 86' lang='lat' dir='ltr'>ornatior</span> <span class='ocrx_word' id='word_1_131' title='bbox 659 1885 770 1949; x_wconf 80' lang='lat' dir='ltr'>redeat</span> <span class='ocrx_word' id='word_1_132' title='bbox 787 1925 797 1948; x_wconf 84' lang='grc'><strong>.</strong></span> <span class='ocrx_word' id='word_1_133' title='bbox 823 1885 874 1951; x_wconf 79' lang='lat' dir='ltr'>Sic</span> <span class='ocrx_word' id='word_1_134' title='bbox 888 1887 977 1950; x_wconf 84' lang='lat' dir='ltr'>eninr</span> 
     </span>
     <span class='ocr_line' id='line_1_19' title="bbox 137 1971 975 2058; baseline 0.007 -26"><span class='ocrx_word' id='word_1_135' title='bbox 137 1971 232 2034; x_wconf 85' lang='lat' dir='ltr'>nobie</span> <span class='ocrx_word' id='word_1_136' title='bbox 257 1972 297 2036; x_wconf 91' lang='lat' dir='ltr'>de</span> <span class='ocrx_word' id='word_1_137' title='bbox 317 1987 353 2038; x_wconf 88' lang='lat' dir='ltr'>te</span> <span class='ocrx_word' id='word_1_138' title='bbox 377 1973 573 2058; x_wconf 80' lang='lat' dir='ltr'>pollicentur</span> <span class='ocrx_word' id='word_1_139' title='bbox 587 1972 715 2036; x_wconf 77' lang='lat' dir='ltr'>eximie</span> <span class='ocrx_word' id='word_1_140' title='bbox 731 1971 788 2037; x_wconf 88' lang='lat' dir='ltr'>ille</span> <span class='ocrx_word' id='word_1_141' title='bbox 807 1986 918 2046; x_wconf 79' lang='lat' dir='ltr'>arten,</span> <span class='ocrx_word' id='word_1_142' title='bbox 942 1977 975 2038; x_wconf 81' lang='lat' dir='ltr'>dc</span> 
     </span>
     <span class='ocr_line' id='line_1_20' title="bbox 140 2056 974 2142; baseline 0.001 -22"><span class='ocrx_word' id='word_1_143' title='bbox 140 2056 293 2142; x_wconf 81' lang='lat' dir='ltr'>preclara</span> <span class='ocrx_word' id='word_1_144' title='bbox 308 2061 438 2137; x_wconf 84' lang='lat' dir='ltr'>studit,</span> <span class='ocrx_word' id='word_1_145' title='bbox 463 2061 495 2124; x_wconf 93' lang='lat' dir='ltr'>in</span> <span class='ocrx_word' id='word_1_146' title='bbox 519 2058 638 2142; x_wconf 74' lang='lat' dir='ltr'>quibus</span> <span class='ocrx_word' id='word_1_147' title='bbox 661 2073 725 2130; x_wconf 91' lang='lat' dir='ltr'>tu,</span> <span class='ocrx_word' id='word_1_148' title='bbox 752 2058 974 2122; x_wconf 79' lang='lat' dir='ltr'>consentiente</span> 
     </span>
     <span class='ocr_line' id='line_1_21' title="bbox 136 2141 972 2220; baseline 0.004 -14"><span class='ocrx_word' id='word_1_149' title='bbox 136 2145 284 2210; x_wconf 86' lang='lat' dir='ltr'>omnium</span> <span class='ocrx_word' id='word_1_150' title='bbox 301 2149 407 2220; x_wconf 82' lang='lat' dir='ltr'>fama,</span> <span class='ocrx_word' id='word_1_151' title='bbox 433 2150 542 2213; x_wconf 75' lang='lat' dir='ltr'>noelee</span> <span class='ocrx_word' id='word_1_152' title='bbox 555 2149 584 2210; x_wconf 78' lang='lat' dir='ltr'>dr</span> <span class='ocrx_word' id='word_1_153' title='bbox 596 2144 666 2207; x_wconf 79' lang='lat' dir='ltr'>dien</span> <span class='ocrx_word' id='word_1_154' title='bbox 682 2145 794 2208; x_wconf 74' lang='lat' dir='ltr'>allidor</span> <span class='ocrx_word' id='word_1_155' title='bbox 812 2141 972 2209; x_wconf 84' lang='lat' dir='ltr'>versaris.</span> 
     </span>
     <span class='ocr_line' id='line_1_22' title="bbox 138 2229 981 2316; baseline -0.002 -23"><span class='ocrx_word' id='word_1_156' title='bbox 138 2229 211 2293; x_wconf 72' lang='lat' dir='ltr'>nen</span> <span class='ocrx_word' id='word_1_157' title='bbox 225 2240 244 2316; x_wconf 85' lang='lat'>(</span> <span class='ocrx_word' id='word_1_158' title='bbox 257 2236 345 2316; x_wconf 88' lang='lat' dir='ltr'>quod</span> <span class='ocrx_word' id='word_1_159' title='bbox 358 2234 438 2298; x_wconf 86' lang='lat' dir='ltr'>mihi</span> <span class='ocrx_word' id='word_1_160' title='bbox 454 2252 572 2316; x_wconf 78' lang='lat' dir='ltr'>magne</span> <span class='ocrx_word' id='word_1_161' title='bbox 583 2231 646 2293; x_wconf 86' lang='lat' dir='ltr'>fdit</span> <span class='ocrx_word' id='word_1_162' title='bbox 656 2230 866 2294; x_wconf 77' lang='lat' dir='ltr'>admirationi</span> <span class='ocrx_word' id='word_1_163' title='bbox 880 2233 898 2312; x_wconf 86' lang='lat'>)</span> <span class='ocrx_word' id='word_1_164' title='bbox 912 2248 981 2292; x_wconf 84' lang='lat' dir='ltr'>no··</span> 
     </span>
     <span class='ocr_line' id='line_1_23' title="bbox 138 2315 981 2404; baseline 0.001 -25"><span class='ocrx_word' id='word_1_165' title='bbox 138 2337 200 2380; x_wconf 78' lang='lat' dir='ltr'>uus</span> <span class='ocrx_word' id='word_1_166' title='bbox 212 2322 346 2404; x_wconf 85' lang='lat' dir='ltr'>quidam</span> <span class='ocrx_word' id='word_1_167' title='bbox 360 2321 529 2385; x_wconf 87' lang='lat' dir='ltr'>hominum</span> <span class='ocrx_word' id='word_1_168' title='bbox 540 2315 647 2382; x_wconf 85' lang='lat' dir='ltr'>sermo</span> <span class='ocrx_word' id='word_1_169' title='bbox 658 2317 841 2404; x_wconf 81' lang='lat' dir='ltr'>percrebuit</span> <span class='ocrx_word' id='word_1_170' title='bbox 853 2360 863 2391; x_wconf 90' lang='lat'>‚</span> <span class='ocrx_word' id='word_1_171' title='bbox 876 2336 981 2380; x_wconf 82' lang='lat' dir='ltr'>anum·</span> 
     </span>
     <span class='ocr_line' id='line_1_24' title="bbox 140 2403 977 2492; baseline 0.002 -26"><span class='ocrx_word' id='word_1_172' title='bbox 140 2417 256 2482; x_wconf 84' lang='lat' dir='ltr'>tuum,</span> <span class='ocrx_word' id='word_1_173' title='bbox 284 2413 314 2474; x_wconf 79' lang='lat' dir='ltr'>dr</span> <span class='ocrx_word' id='word_1_174' title='bbox 329 2409 490 2492; x_wconf 83' lang='lat' dir='ltr'>dignitate</span> <span class='ocrx_word' id='word_1_175' title='bbox 505 2403 701 2490; x_wconf 81' lang='lat' dir='ltr'>&amp;sapientia</span> <span class='ocrx_word' id='word_1_176' title='bbox 718 2403 865 2468; x_wconf 81' lang='lat' dir='ltr'>omniunt</span> <span class='ocrx_word' id='word_1_177' title='bbox 887 2403 977 2489; x_wconf 86' lang='lat' dir='ltr'>prin·</span> 
     </span>
     <span class='ocr_line' id='line_1_25' title="bbox 139 2491 982 2577; baseline 0 -23"><span class='ocrx_word' id='word_1_178' title='bbox 139 2491 245 2574; x_wconf 89' lang='lat' dir='ltr'>cipem</span> <span class='ocrx_word' id='word_1_179' title='bbox 257 2537 269 2568; x_wconf 86' lang='lat'>,</span> <span class='ocrx_word' id='word_1_180' title='bbox 281 2495 341 2558; x_wconf 90' lang='lat' dir='ltr'>tibi</span> <span class='ocrx_word' id='word_1_181' title='bbox 358 2495 423 2577; x_wconf 86' lang='lat' dir='ltr'>jam</span> <span class='ocrx_word' id='word_1_182' title='bbox 436 2496 603 2556; x_wconf 85' lang='lat' dir='ltr'>authorem</span> <span class='ocrx_word' id='word_1_183' title='bbox 616 2492 675 2557; x_wconf 83' lang='lat' dir='ltr'>elle</span> <span class='ocrx_word' id='word_1_184' title='bbox 690 2535 702 2569; x_wconf 87' lang='lat'><strong>,</strong></span> <span class='ocrx_word' id='word_1_185' title='bbox 717 2504 982 2576; x_wconf 79' lang='lat' dir='ltr'>magnopereque³</span> 
     </span>
     <span class='ocr_line' id='line_1_26' title="bbox 139 2576 977 2654; baseline 0 -13"><span class='ocrx_word' id='word_1_186' title='bbox 139 2576 294 2654; x_wconf 84' lang='lat' dir='ltr'>suadere,</span> <span class='ocrx_word' id='word_1_187' title='bbox 315 2596 352 2644; x_wconf 91' lang='lat' dir='ltr'>ut</span> <span class='ocrx_word' id='word_1_188' title='bbox 367 2582 483 2645; x_wconf 79' lang='lat' dir='ltr'>omillit</span> <span class='ocrx_word' id='word_1_189' title='bbox 505 2580 557 2642; x_wconf 83' lang='lat' dir='ltr'>hia</span> <span class='ocrx_word' id='word_1_190' title='bbox 578 2578 821 2644; x_wconf 77' lang='lat' dir='ltr'>liberalioribus</span> <span class='ocrx_word' id='word_1_191' title='bbox 838 2579 977 2650; x_wconf 79' lang='lat' dir='ltr'>studiis,</span> 
     </span>
     <span class='ocr_line' id='line_1_27' title="bbox 139 2658 977 2753; baseline 0.001 -27"><span class='ocrx_word' id='word_1_192' title='bbox 139 2664 181 2726; x_wconf 86' lang='lat' dir='ltr'>ad</span> <span class='ocrx_word' id='word_1_193' title='bbox 197 2671 247 2742; x_wconf 70' lang='lat' dir='ltr'>Jor</span> <span class='ocrx_word' id='word_1_194' title='bbox 257 2667 354 2732; x_wconf 74' lang='lat' dir='ltr'>civile</span> <span class='ocrx_word' id='word_1_195' title='bbox 366 2666 610 2753; x_wconf 84' lang='lat' dir='ltr'>perdiscendum</span> <span class='ocrx_word' id='word_1_196' title='bbox 622 2681 653 2730; x_wconf 92' lang='lat' dir='ltr'>te</span> <span class='ocrx_word' id='word_1_197' title='bbox 667 2658 794 2738; x_wconf 68' lang='lat' dir='ltr'>dedat?</span> <span class='ocrx_word' id='word_1_198' title='bbox 820 2666 914 2730; x_wconf 82' lang='lat' dir='ltr'>Nora</span> <span class='ocrx_word' id='word_1_199' title='bbox 925 2684 977 2727; x_wconf 82' lang='lat' dir='ltr'>ree</span> 
     </span>
     <span class='ocr_line' id='line_1_28' title="bbox 139 2751 979 2841; baseline -0.007 -24"><span class='ocrx_word' id='word_1_200' title='bbox 139 2755 169 2817; x_wconf 77' lang='lat' dir='ltr'>dt</span> <span class='ocrx_word' id='word_1_201' title='bbox 198 2752 277 2818; x_wconf 87' lang='lat' dir='ltr'>mihi</span> <span class='ocrx_word' id='word_1_202' title='bbox 303 2756 530 2841; x_wconf 78' lang='lat' dir='ltr'>inexpetlata,</span> <span class='ocrx_word' id='word_1_203' title='bbox 561 2752 614 2818; x_wconf 91' lang='lat' dir='ltr'>sed</span> <span class='ocrx_word' id='word_1_204' title='bbox 637 2769 744 2816; x_wconf 86' lang='lat' dir='ltr'>tamen</span> <span class='ocrx_word' id='word_1_205' title='bbox 759 2796 770 2826; x_wconf 93' lang='lat'>,</span> <span class='ocrx_word' id='word_1_206' title='bbox 796 2751 818 2813; x_wconf 84' lang='lat' dir='ltr'>sr</span> <span class='ocrx_word' id='word_1_207' title='bbox 846 2752 904 2815; x_wconf 88' lang='lat' dir='ltr'>ille</span> <span class='ocrx_word' id='word_1_208' title='bbox 931 2751 979 2812; x_wconf 85' lang='lat' dir='ltr'>ita</span> 
     </span>
     <span class='ocr_line' id='line_1_29' title="bbox 140 2836 980 2919; baseline -0.004 -19"><span class='ocrx_word' id='word_1_209' title='bbox 140 2836 240 2913; x_wconf 85' lang='lat' dir='ltr'>vult,</span> <span class='ocrx_word' id='word_1_210' title='bbox 264 2846 293 2909; x_wconf 74' lang='lat' dir='ltr'>tr</span> <span class='ocrx_word' id='word_1_211' title='bbox 316 2846 338 2907; x_wconf 82' lang='lat' dir='ltr'>li</span> <span class='ocrx_word' id='word_1_212' title='bbox 362 2844 427 2919; x_wconf 55' lang='lat' dir='ltr'>‚hoc</span> <span class='ocrx_word' id='word_1_213' title='bbox 451 2840 503 2903; x_wconf 89' lang='lat' dir='ltr'>illi</span> <span class='ocrx_word' id='word_1_214' title='bbox 521 2841 678 2902; x_wconf 87' lang='lat' dir='ltr'>statutum</span> <span class='ocrx_word' id='word_1_215' title='bbox 704 2838 749 2899; x_wconf 85' lang='lat' dir='ltr'>est</span> <span class='ocrx_word' id='word_1_216' title='bbox 764 2859 800 2903; x_wconf 85' lang='lat' dir='ltr'>tc</span> <span class='ocrx_word' id='word_1_217' title='bbox 816 2837 980 2902; x_wconf 82' lang='lat' dir='ltr'>delibera·</span> 
     </span>
     <span class='ocr_line' id='line_1_30' title="bbox 141 2924 979 3011; baseline -0.004 -23"><span class='ocrx_word' id='word_1_218' title='bbox 141 2940 212 2988; x_wconf 89' lang='lat' dir='ltr'>tom</span> <span class='ocrx_word' id='word_1_219' title='bbox 231 2970 241 3000; x_wconf 89' lang='lat'>,</span> <span class='ocrx_word' id='word_1_220' title='bbox 261 2927 308 2991; x_wconf 91' lang='lat' dir='ltr'>nil</span> <span class='ocrx_word' id='word_1_221' title='bbox 338 2926 551 2992; x_wconf 83' lang='lat' dir='ltr'>contradico:</span> <span class='ocrx_word' id='word_1_222' title='bbox 577 2924 754 3011; x_wconf 84' lang='lat' dir='ltr'>parendum</span> <span class='ocrx_word' id='word_1_223' title='bbox 777 2925 821 2990; x_wconf 85' lang='lat' dir='ltr'>est</span> <span class='ocrx_word' id='word_1_224' title='bbox 845 2925 979 2989; x_wconf 76' lang='lat' dir='ltr'>summo</span> 
     </span>
     <span class='ocr_line' id='line_1_31' title="bbox 142 3009 980 3098; baseline -0.002 -24"><span class='ocrx_word' id='word_1_225' title='bbox 142 3014 340 3078; x_wconf 82' lang='lat' dir='ltr'>authoritati</span> <span class='ocrx_word' id='word_1_226' title='bbox 366 3012 561 3095; x_wconf 76' lang='lat' dir='ltr'>summeque</span> <span class='ocrx_word' id='word_1_227' title='bbox 587 3010 762 3097; x_wconf 80' lang='lat' dir='ltr'>potestati,</span> <span class='ocrx_word' id='word_1_228' title='bbox 797 3009 980 3098; x_wconf 77' lang='lat' dir='ltr'>presertim·</span> 
     </span>
     <span class='ocr_line' id='line_1_32' title="bbox 141 3096 981 3172; baseline -0.006 -8"><span class='ocrx_word' id='word_1_229' title='bbox 141 3119 218 3164; x_wconf 86' lang='lat' dir='ltr'>tum</span> <span class='ocrx_word' id='word_1_230' title='bbox 232 3101 314 3165; x_wconf 90' lang='lat' dir='ltr'>nihil</span> <span class='ocrx_word' id='word_1_231' title='bbox 331 3098 462 3165; x_wconf 87' lang='lat' dir='ltr'>illesrne</span> <span class='ocrx_word' id='word_1_232' title='bbox 479 3098 624 3164; x_wconf 84' lang='lat' dir='ltr'>maximo</span> <span class='ocrx_word' id='word_1_233' title='bbox 639 3097 794 3172; x_wconf 73' lang='lat' dir='ltr'>consilio,</span> <span class='ocrx_word' id='word_1_234' title='bbox 818 3096 981 3159; x_wconf 82' lang='lat' dir='ltr'>maxima-</span> 
     </span>
     <span class='ocr_line' id='line_1_33' title="bbox 142 3185 982 3269; baseline -0.002 -21"><span class='ocrx_word' id='word_1_235' title='bbox 142 3206 206 3269; x_wconf 87' lang='lat' dir='ltr'>que</span> <span class='ocrx_word' id='word_1_236' title='bbox 216 3188 342 3251; x_wconf 77' lang='lat' dir='ltr'>ratione</span> <span class='ocrx_word' id='word_1_237' title='bbox 361 3189 463 3253; x_wconf 86' lang='lat' dir='ltr'>facere</span> <span class='ocrx_word' id='word_1_238' title='bbox 479 3185 716 3250; x_wconf 74' lang='lat' dir='ltr'>existimandus</span> <span class='ocrx_word' id='word_1_239' title='bbox 732 3187 784 3260; x_wconf 77' lang='lat' dir='ltr'>srt3</span> <span class='ocrx_word' id='word_1_240' title='bbox 800 3185 982 3257; x_wconf 75' lang='lat' dir='ltr'>sinautem,</span> 
     </span>
     <span class='ocr_line' id='line_1_34' title="bbox 141 3270 980 3358; baseline -0.001 -24"><span class='ocrx_word' id='word_1_241' title='bbox 141 3275 233 3353; x_wconf 89' lang='lat' dir='ltr'>quod</span> <span class='ocrx_word' id='word_1_242' title='bbox 245 3275 348 3358; x_wconf 79' lang='lat' dir='ltr'>magis</span> <span class='ocrx_word' id='word_1_243' title='bbox 362 3289 444 3358; x_wconf 90' lang='lat' dir='ltr'>poto</span> <span class='ocrx_word' id='word_1_244' title='bbox 453 3315 464 3346; x_wconf 88' lang='lat'>,</span> <span class='ocrx_word' id='word_1_245' title='bbox 489 3270 655 3356; x_wconf 72' lang='lat' dir='ltr'>magisque</span> <span class='ocrx_word' id='word_1_246' title='bbox 669 3271 825 3336; x_wconf 89' lang='lat' dir='ltr'>credibile</span> <span class='ocrx_word' id='word_1_247' title='bbox 838 3271 881 3331; x_wconf 83' lang='lat' dir='ltr'>est</span> <span class='ocrx_word' id='word_1_248' title='bbox 894 3315 902 3344; x_wconf 92' lang='lat'>‚</span> <span class='ocrx_word' id='word_1_249' title='bbox 916 3289 980 3333; x_wconf 87' lang='lat' dir='ltr'>noo</span> 
     </span>
     <span class='ocr_line' id='line_1_35' title="bbox 142 3354 983 3446; baseline -0.001 -24"><span class='ocrx_word' id='word_1_250' title='bbox 142 3359 201 3422; x_wconf 91' lang='lat' dir='ltr'>ille</span> <span class='ocrx_word' id='word_1_251' title='bbox 216 3361 408 3446; x_wconf 78' lang='lat' dir='ltr'>imperantis</span> <span class='ocrx_word' id='word_1_252' title='bbox 423 3356 520 3421; x_wconf 90' lang='lat' dir='ltr'>modo</span> <span class='ocrx_word' id='word_1_253' title='bbox 535 3400 546 3431; x_wconf 88' lang='lat'>‚</span> <span class='ocrx_word' id='word_1_254' title='bbox 559 3357 613 3422; x_wconf 85' lang='lat' dir='ltr'>sed</span> <span class='ocrx_word' id='word_1_255' title='bbox 630 3354 734 3421; x_wconf 90' lang='lat' dir='ltr'>veluti</span> <span class='ocrx_word' id='word_1_256' title='bbox 749 3358 907 3421; x_wconf 76' lang='lat' dir='ltr'>tentantia</span> <span class='ocrx_word' id='word_1_257' title='bbox 922 3400 933 3430; x_wconf 85' lang='lat'>‚</span> <span class='ocrx_word' id='word_1_258' title='bbox 952 3359 983 3421; x_wconf 71' lang='grc' dir='ltr'><strong><em>ἃ</em></strong></span> 
     </span>
    </p>
   </div>
   <div class='ocr_carea' id='block_1_2' title="bbox 151 3444 1097 3527">
    <p class='ocr_par' dir='ltr' id='par_1_2' title="bbox 151 3444 1097 3527">
     <span class='ocr_line' id='line_1_36' title="bbox 151 3444 1097 3527; baseline -0.01 -18"><span class='ocrx_word' id='word_1_259' title='bbox 151 3449 240 3527; x_wconf 81' lang='lat' dir='ltr'>quati</span> <span class='ocrx_word' id='word_1_260' title='bbox 256 3446 528 3510; x_wconf 75' lang='lat' dir='ltr'>communicantia</span> <span class='ocrx_word' id='word_1_261' title='bbox 539 3488 550 3519; x_wconf 88' lang='lat'>,</span> <span class='ocrx_word' id='word_1_262' title='bbox 572 3447 630 3507; x_wconf 87' lang='lat' dir='ltr'>hac</span> <span class='ocrx_word' id='word_1_263' title='bbox 647 3444 690 3508; x_wconf 83' lang='lat' dir='ltr'>de</span> <span class='ocrx_word' id='word_1_264' title='bbox 717 3466 750 3510; x_wconf 89' lang='lat' dir='ltr'>re</span> <span class='ocrx_word' id='word_1_265' title='bbox 766 3458 872 3507; x_wconf 88' lang='lat' dir='ltr'>tecum</span> <span class='ocrx_word' id='word_1_266' title='bbox 887 3445 984 3505; x_wconf 56' lang='lat' dir='ltr'>locu*</span> <span class='ocrx_word' id='word_1_267' title='bbox 1094 3492 1097 3500; x_wconf 91' lang='lat'>.</span> 
     </span>
    </p>
   </div>
   <div class='ocr_carea' id='block_1_3' title="bbox 146 3527 985 3693">
    <p class='ocr_par' dir='ltr' id='par_1_3' title="bbox 146 3527 985 3693">
     <span class='ocr_line' id='line_1_37' title="bbox 146 3527 983 3682; baseline -0.008 -86"><span class='ocrx_word' id='word_1_268' title='bbox 146 3546 201 3597; x_wconf 85' lang='lat' dir='ltr'>tua</span> <span class='ocrx_word' id='word_1_269' title='bbox 224 3536 293 3612; x_wconf 78' lang='lat' dir='ltr'>est,</span> <span class='ocrx_word' id='word_1_270' title='bbox 314 3530 489 3635; x_wconf 34' lang='lat' dir='ltr'>,videlicet</span> <span class='ocrx_word' id='word_1_271' title='bbox 514 3547 552 3600; x_wconf 87' lang='lat' dir='ltr'>ut</span> <span class='ocrx_word' id='word_1_272' title='bbox 578 3530 710 3682; x_wconf 59' lang='lat' dir='ltr'>eliceret</span> <span class='ocrx_word' id='word_1_273' title='bbox 733 3528 858 3598; x_wconf 83' lang='lat' dir='ltr'>senium</span> <span class='ocrx_word' id='word_1_274' title='bbox 881 3527 983 3678; x_wconf 67' lang='lat' dir='ltr'>opimi</span> 
     </span>
     <span class='ocr_line' id='line_1_38' title="bbox 654 3638 985 3693; baseline 0.006 -2"><span class='ocrx_word' id='word_1_275' title='bbox 654 3639 675 3691; x_wconf 84' lang='lat'>4</span> <span class='ocrx_word' id='word_1_276' title='bbox 922 3638 953 3679; x_wconf 73' lang='lat'>¹⁸¹</span> <span class='ocrx_word' id='word_1_277' title='bbox 972 3657 985 3693; x_wconf 71' lang='grc' dir='ltr'>ι</span> 
     </span>
    </p>
   </div>
   <div class='ocr_carea' id='block_1_4' title="bbox 0 0 1296 4342">
    <p class='ocr_par' dir='ltr' id='par_1_4' title="bbox 0 0 1296 4342">
     <span class='ocr_line' id='line_1_39' title="bbox 0 0 1296 4342; baseline 0 0"><span class='ocrx_word' id='word_1_278' title='bbox 0 0 1296 4342; x_wconf 95' lang='lat' dir='ltr'> </span> 
     </span>
    </p>
   </div>
  </div>
 </body>
</html>
