2534 4342
348 407 572 478 Epistotn
595 403 881 474 FAMILIARES.
917 447 920 453 ,
982 427 1047 488 429

215 496 398 583 dtingentia
413 498 583 581 accepilie·
606 503 707 563 Porro
719 499 820 560 biduo
841 494 911 580 post
936 492 1046 578 Coiy·

215 590 291 650 bum
307 588 449 649 futurum
463 587 522 648 effe
539 583 712 668 Lugduni,
728 585 844 646 hoe-est
856 583 896 644 ad
911 582 1048 644 tertium

217 673 408 749 Caiionii,
423 673 462 733 ad
480 693 576 756 quem
591 674 678 735 diem
699 673 720 734 st
745 671 825 735 nihii
851 671 928 735 effet
958 668 1050 732 solu·
1074 727 1077 732 .

166 782 169 787 ·
216 775 311 836 tum,
336 763 441 834 sotios
462 781 524 823 non
540 779 652 844 patum
668 757 854 823 detrimenti
867 760 927 822 eiie
946 755 1050 821 iaetu·

216 862 296 913 tos·
322 851 400 914 Sane
417 846 508 910 dolui
535 867 597 910 non
623 862 778 910 tam-rem
796 863 931 927 meam,
950 863 1049 928 quam

216 937 312 998 fidem
324 936 358 998 in
378 935 547 1000 discrimen
565 934 696 998 vocari.
714 930 801 998 Nam
814 935 903 1017 quod
921 935 1048 1010 jamme

215 1023 249 1084 hi
262 1023 402 1099 facient,
417 1026 435 1085 fi
458 1021 556 1083 modo
570 1022 744 1106 quicquam
759 1022 899 1094 facient,
921 1041 1049 1104 equum
1084 1038 1087 1044 ’

174 1150 176 1154 -
217 1109 251 1173 id
264 1111 395 1191 quidem
421 1112 465 1174 est
490 1108 631 1174 resarcit-i
660 1131 714 1196 per
734 1129 818 1170 nos.
844 1109 944 1200 Qod
971 1130 1051 1173 vero

219 1198 396 1262 conductor
410 1197 614 1282 veiiigalinm
627 1198 767 1263 nostrdm
779 1198 874 1260 fidem
895 1197 977 1260 mein
993 1197 1056 1261 lit·

217 1283 299 1348 teris
315 1308 379 1350 non
391 1289 538 1349 habuerit
553 1330 565 1362 ,
580 1287 743 1368 fueritque
763 1285 911 1359 veritus,
937 1304 976 1349 ne
988 1284 1057 1346 fot·

219 1387 253 1434 te
263 1394 323 1454 ego
334 1376 383 1436 bis
398 1373 530 1434 eandem
546 1377 713 1458 pecuniam
724 1371 898 1456 acciperem
916 1375 967 1447 ,at
984 1373 1055 1438 heic

204 1461 246 1544 t&
268 1460 384 1533 isthic,
424 1456 576 1541 visusque
607 1459 646 1520 fit
674 1458 855 1540 integritati
881 1479 957 1523 tneoe
987 1460 1054 1521 dif-

185 1589 191 1600 ·
213 1542 339 1620 fidere,
361 1547 396 1610 id
421 1546 492 1610 sane
516 1547 634 1609 mitum
650 1545 729 1607 mihi
750 1545 896 1618 accidit,
921 1548 1051 1630 quodis

219 1652 271 1696 me
288 1655 404 1716 ,qoem
420 1633 638 1718 optimenoss'e
651 1633 778 1705 debent,
789 1653 850 1696 noo
864 1653 906 1698 ex
917 1633 1053 1719 proprio

219 1726 366 1802 quodam
384 1742 456 1784 meo
469 1743 605 1806 genere,
626 1717 681 1786 sed
695 1742 736 1784 ex
748 1724 914 1786 communi
928 1726 957 1789 dt
971 1743 1056 1804 quo·

221 1810 347 1874 tidiana
366 1813 479 1870 horum
498 1809 666 1874 hominum
684 1809 741 1890 qui
755 1807 960 1882 nodiesun't,
980 1830 1059 1874 con.

223 1895 350 1960 ditione
366 1887 548 1963 existimet.
573 1903 618 1960 At
633 1897 768 1981 egotibi
791 1897 869 1958 dito
886 1898 985 1964 etiam
1004 1911 1058 1960 at-

220 1983 406 2071 qu'e'etiam
431 2006 481 2049 me
498 2007 559 2049 non
587 2004 660 2048 cnm
676 1985 805 2056 Fortia,
828 1983 882 2047 sed
904 2006 975 2048 eum
987 1983 1056 2047 Oi·

222 2074 314 2155 giato
333 2071 489 2156 pecunias·
504 2072 628 2157 semper
642 2085 901 2155 permutatmum
916 2117 927 2146 ,
947 2069 1060 2153 quoad

222 2159 353 2225 scilicet*
373 2157 503 2221 licitum
526 2161 588 2224 etit
606 2199 615 2219 .
635 2159 858 2245 Quamobrem
875 2161 896 2222 ii
912 2162 953 2224 ad
969 2158 1056 2221 diem

220 2247 340 2311 didam
363 2246 497 2331 pecunia
512 2268 574 2312 non
594 2245 700 2310 soluta
716 2246 784 2317 est,
807 2245 921 2310 saitem
944 2260 1059 2312 curato

223 2350 261 2399 nt
276 2335 415 2400 sciamus
429 2335 509 2418 qnid
523 2336 641 2397 fanium
654 2336 693 2397 stt
705 2334 855 2417 jacinte,
879 2353 916 2399 ut
928 2333 1061 2400 satisfa-¹

226 2444 296 2486 cete
324 2421 422 2486 sotiis
447 2423 616 2506 poffimue,
641 2423 771 2506 qnando
786 2424 866 2488 fidet
890 2425 968 2488 mihi
984 2422 1061 2505 qoi-

185 2593 187 2598 ,
223 2509 297 2572 dem
323 2529 421 2592 quam
439 2512 531 2586 vita,
557 2512 675 2574 nedum
691 2530 787 2594 quam
803 2514 936 2595 pecunia
963 2513 1060 2595 longe

223 2597 269 2662 est
283 2597 388 2661 carior
402 2637 412 2659 .
428 2599 488 2683 ιΙ)ε
502 2598 583 2662 locis
599 2598 695 2665 sacris
710 2599 872 2675 violatia,
886 2601 974 2684 quod
986 2619 1062 2685 per·

223 2704 331 2771 peram
358 2683 459 2748 fuerit
481 2690 543 2749 huc
568 2684 749 2770 scriptum,
781 2689 907 2769 gaudeo
932 2707 999 2751 tem
1023 2697 1062 2749 nt
1116 2736 1122 2746 .

224 2771 340 2837 scribis
359 2773 404 2837 ita
417 2773 500 2836 eise:
523 2773 713 2858 fngioenim
727 2777 951 2838 contentiones
964 2804 989 2838 .v
1002 2773 1064 2838 Sed

223 2879 264 2923 eo
288 2877 397 2939 tamen
421 2860 640 2943 animosum,
664 2874 701 2924 ut
724 2859 903 2926 temeritati
928 2882 1064 2936 eorum,
1091 2932 1093 2935 ¹

223 2947 283 3028 qui
309 2949 349 3008 ad
365 2953 432 3011 nee
456 2950 602 3013 audenda
619 2948 712 3013 facile
727 2949 931 3013 adducuntur
946 2992 956 3021 ,
972 2949 1063 3012 'nihil
1109 2975 1112 2983 ¹

224 3035 283 3097 fim
298 3033 369 3097 olio
385 3032 478 3120 padio
491 3037 711 3101 conceiinaue.
738 3038 850 3100 tanos
864 3034 959 3101 Cosa.
971 3038 1065 3121 opti-

226 3141 300 3184 mos
317 3124 537 3199 &institimus
551 3125 664 3200 vitoe,
688 3143 827 3207 quorum
846 3124 904 3190 sab
916 3127 1020 3190 tnteia
1033 3129 1067 3191 δι’

166 3219 167 3222 ’
224 3209 369 3273 custodia
384 3209 646 3276 florebitcivitae
658 3256 669 3286 ,
694 3213 826 3280 summe
846 3212 926 3276 mihi
945 3208 1065 3278 esten-

224 3297 370 3380 luptati,
388 3300 663 3382 &amoeqnidem
675 3322 809 3372 omnen,
829 3297 881 3364 sed
891 3322 967 3366 eun.
981 3304 1067 3363 duo·

221 3383 287 3451 bue
304 3383 398 3446 Helia
421 3385 588 3469 ἃΡερῐο,
614 3387 675 3452 scit
696 3409 846 3471 magnum
870 3389 958 3452 mihi·
971 3388 1064 3452 oium

227 3489 441 3554 magnamque
458 3473 717 3540 familiaritatem
736 3475 858 3561 semper
881 3477 993 3541 fuine.
1020 3476 1067 3541 iit

227 3557 328 3644 igitur
344 3574 378 3623 tu
393 3559 569 3648 plurimam
587 3566 667 3632 mein
681 3566 790 3632 verbis
806 3564 965 3633 satutem.
982 3568 1069 3631 Nam

972 3656 1063 3740 quod
1089 3654 1095 3667 '
