2534 4342
313 345 386 480 en
483 399 684 474 ancona
721 397 1018 466 subornat

198 521 202 530 =
314 487 417 566 dico,
441 510 543 574 oeque
559 504 636 553 tunt
652 511 727 562 me,
752 511 852 571 neque
876 509 1017 574 unquam
1040 495 1164 560 antra,

313 593 418 661 neque
433 580 514 641 adeo
528 578 626 640 etiam
641 579 711 661 pust
724 620 733 649 ,
747 595 803 639 aut
818 583 951 660 pecunia
965 621 974 648 ,
991 590 1051 637 aut
1066 577 1163 648 veste,

309 678 370 730 ¹ut
386 680 588 750 argentonem
611 664 750 729 lautiore
767 664 876 747 aliqua
893 663 1087 750 supellectili
1104 684 1162 738 or·
1186 665 1191 674 '

222 802 228 814 ,
310 770 426 818 natum
441 756 693 836 instrudinmque
707 753 795 816 fuisie
812 797 822 826 ,
840 752 893 816 sed
908 775 962 818 nec
980 747 1161 815 desideras·

311 837 407 907 seme
422 841 478 903 ista
494 843 669 904 confirmo.
689 842 794 903 Stuste
807 843 932 905 fortasse
952 839 1027 910 ,sed
1049 856 1157 900 tamen

309 923 454 993 solutum
480 926 623 990 animum
646 932 685 993 ab
700 929 750 992 his
773 928 1013 1014 cupiditatibus
1038 929 1157 988 habere

309 1016 407 1080 vaide
436 1037 486 1079 mr
500 1017 655 1097 juvabat.
679 1019 821 1080 Tantum
842 1019 932 1080 annia
957 1016 1026 1076 iliis
1043 1016 1154 1074 decern

308 1103 431 1188 quibua
455 1104 485 1165 in
504 1122 572 1166 mea
601 1102 732 1166 Ecclefia
747 1121 969 1167 commoratus
986 1101 1054 1167 sum
1074 1145 1085 1175 ,
1106 1120 1158 1163 rt·

307 1192 403 1254 ditus
417 1208 542 1254 annuos
568 1210 657 1252 meos
671 1190 847 1275 quotannis
864 1195 1010 1274 integros
1030 1205 1157 1270 expen-

308 1281 424 1344 debam
443 1324 454 1356 ,
478 1277 524 1341 ita
539 1291 575 1341 ut
590 1292 735 1342 vertente
762 1298 911 1342 annouec
928 1279 1046 1338 deesset
1071 1272 1155 1338 mibi

154 1420 160 1435 r
191 1395 194 1398 ·
308 1368 493 1453 quippiam,
506 1386 561 1429 nec
577 1364 748 1450 superesset
760 1403 772 1425 .
785 1370 855 1431 Non
871 1366 956 1427 enim
972 1365 1077 1427 uisum
1093 1383 1156 1426 un·

308 1475 407 1539 quam
434 1454 568 1516 omnino
591 1455 815 1516 coateri-ande
837 1453 982 1539 pecunia
1010 1450 1155 1515 studium

244 1612 250 1620 ,
306 1561 361 1607 mn
386 1541 522 1607 tenuit.
555 1542 690 1604 interim
715 1539 885 1605 sanctitate
908 1555 962 1603 tua
984 1541 1025 1601 ad
1055 1542 1156 1600 Sum-

306 1649 398 1693 mum
422 1629 634 1692 Pontificatus
657 1633 812 1696 bonorem
829 1629 1058 1692 meritissimum
1077 1624 1157 1689 sub-

305 1713 531 1788 iata,setundo
546 1717 663 1803 opinor
673 1735 756 1778 auno
776 1715 844 1780 sum
863 1719 902 1778 ab
918 1715 998 1780 eain
1016 1710 1156 1797 amplis·

306 1803 423 1866 simum
462 1801 608 1866 ordinem
636 1808 668 1866 S.
693 1803 733 1864 R.
755 1805 796 1865 E·
811 1804 1037 1868 cardinalium
1072 1806 1156 1863 coo·¹

302 1885 447 2040 ptatus,
470 1893 561 1966 eujus
576 1887 626 1952 sui.
638 1888 752 1968 judicii
779 1882 936 1956 rationem
952 1886 1018 1978 ipsa
1033 1888 1154 1974 novit,

333 1979 466 2059 quidem
490 1975 632 2060 quodad
648 2000 697 2044 me
711 1978 831 2041 attinet
852 2000 909 2044 nec
928 1977 1054 2042 meritis
1070 1975 1154 2041 uilia

302 2067 552 2131 rrec'virtutibua
569 2065 674 2141 meir,
702 2065 834 2148 dignum
858 2088 908 2130 me
928 2085 995 2129 tam
1012 2064 1152 2128 bonori-

301 2153 367 2218 sico
392 2159 460 2235 ejus
486 2154 635 2238 judicio,
668 2159 698 2222 dt
717 2169 784 2217 tam
800 2154 939 2218 -eximio
955 2157 1076 2217 honore
1089 2175 1152 2215 un·

301 2260 403 2323 quam
425 2244 605 2306 arbitratus
619 2240 715 2306 sum.
738 2243 815 2326 Quo
832 2243 931 2305 etiam
957 2246 1061 2317 maior
1086 2237 1151 2304 tibi

299 2347 323 2390 ι
337 2350 387 2392 nre
398 2331 502 2411 gratia
519 2330 655 2394 debetur
669 2348 726 2404 ,ac
742 2328 872 2412 prorsus
889 2344 993 2403 tanta,
1007 2342 1044 2391 ut
1057 2329 1078 2388 fi
1096 2327 1153 2391 vi·

301 2427 372 2480 tarn
387 2436 447 2498 pro
469 2430 527 2501 tuo
548 2419 671 2480 bonore
687 2417 912 2500 dignitateque
927 2415 1120 2503 profundam
1136 2457 1149 2489 ,

190 2572 191 2577 γ
299 2520 341 2567 tte
358 2503 523 2565 minimam
550 2502 683 2587 quidem
698 2520 822 2587 partem
846 2511 914 2582 eius
929 2503 1072 2582 benefitii
1087 2506 1149 2566 srm

299 2586 531 2655 consecuturus
542 2632 552 2653 .
564 2594 695 2654 Acceffit
706 2613 777 2655 cum
797 2613 858 2675 ego
877 2609 1077 2675 aegrotarem,
1089 2611 1152 2655 co·

298 2676 493 2765 gnoffetque
506 2677 655 2746 santiitaa
673 2694 728 2742 tua
746 2679 861 2743 mustis
889 2682 983 2742 rebus
1006 2702 1055 2743 me
1071 2700 1148 2762 ege·

301 2785 338 2829 ar
355 2807 365 2838 ,
390 2766 497 2833 utsuo
510 2765 753 2833 iiioexcesso&
780 2767 906 2832 liberali
927 2767 1036 2829 auimo
1054 2785 1150 2830 com·

300 2867 395 2915 mota
405 2900 417 2932 ,
442 2854 782 2938 magnificentissimum
798 2857 920 2918 donum
932 2855 1014 2937 mihi
1031 2855 1149 2920 mitte·

299 2953 379 3014 ret,
401 2942 588 3027 presentem
613 2943 780 3025 pecuniam
810 2941 890 3005 satis
915 2945 1092 3027 grandem,
1114 2948 1146 3012 ar
1184 3009 1186 3012 ,

300 3043 458 3111 praterea
495 3028 669 3092 subsidium
696 3043 863 3093 centenum
887 3030 1019 3092 auretim
1051 3050 1149 3092 unm.

302 3114 396 3177 andm
413 3118 444 3179 in
460 3115 582 3179 meuses
595 3117 733 3200 singulos
747 3115 878 3179 exsisto
893 3115 950 3178 suo
967 3118 1148 3180 constitue·

302 3214 382 3265 ret.
406 3203 480 3295 Qa
492 3223 554 3288 rgo
566 3218 632 3266 tam
648 3201 798 3286 singulari
815 3208 844 3270 ἃ
860 3202 978 3266 eximia
995 3203 1147 3287 benigni,-

304 3299 375 3352 tate
392 3310 428 3354 ac
456 3289 656 3356 liberalitate
681 3312 759 3377 pene
777 3290 940 3354 attonitus
964 3293 1143 3374 permansi.

305 3376 499 3460 Atqueheic
512 3381 555 3443 esi
574 3372 935 3452 locus,1>arer'sauete,
957 3379 988 3442 in
1003 3401 1070 3462 qno
1084 3399 1146 3463 ego

224 3505 230 3508 -
304 3465 510 3551 aliquantum
535 3469 660 3530 hereo:
685 3466 741 3547 qui
767 3483 833 3530 tam
862 3467 947 3528 duro
971 3469 999 3532 Se
1026 3466 1168 3550 agrestiv

226 3565 228 3569 ’
282 3562 283 3567 ’
304 3555 417 3638 animo
436 3568 507 3622 tum
522 3554 595 3653 sni,
624 3568 663 3620 ut
683 3555 848 3643 potuerim
870 3552 956 3619 iliud
970 3553 1145 3619 honestitfi·

690 3663 692 3666 ·
1052 3658 1144 3704 muna
