2534 4342
85 154 860 218 ἡ

309 477 528 546 EPISTOLAE
551 476 849 547 PAMILIARESJ
952 499 1012 562 ης

174 583 242 636 tem
269 566 505 653 significarent,
527 568 717 631 memoriam
743 583 877 632 tuorum
903 561 936 631 io
963 590 1016 635 roe

174 656 354 722 officiorum
376 655 464 742 apud
481 677 531 720 me
547 675 694 730 manere,
721 673 780 722 aot
808 655 830 719 fi
856 653 890 717 id
903 656 1015 721 minut
1130 694 1132 696 ·

174 746 293 810 nerelle
308 744 371 808 fuit
381 743 413 807 in
427 743 488 810 nli
500 739 677 829 praesertim
690 742 837 810 amicitie
849 783 862 816 ,
875 762 945 828 quo
960 759 1019 810 ta·

175 832 263 900 libus
277 831 471 919 principiis,
490 831 756 899 &fundamentis
767 831 947 907 innititur,
977 843 1018 896 ut

174 921 293 984 ineam
307 942 346 984 ne
357 918 497 1004 sulpicio
510 917 643 1004 quidem
653 918 834 985 oblivionis
844 919 912 983 olla
923 921 1015 986 obre.

173 1006 926 1182 paelrptporpz3lpastergpearnirppffilriopprcppfipe
945 1025 1020 1182 2¹⁸2

291 1139 303 1170 2
912 1138 922 1170 2

174 1185 218 1248 ad
233 1206 284 1248 me
294 1185 524 1270 pertinebant,
550 1183 629 1249 dum
644 1183 714 1250 istic
730 1187 849 1260 ellem,
870 1183 965 1259 vidi,
988 1188 1021 1252 ει

175 1273 318 1340 maxime
331 1273 366 1339 in
380 1271 514 1338 disceli‘rr
529 1314 541 1346 ,
572 1293 646 1338 cum
662 1294 714 1337 me
727 1273 763 1338 irr
777 1272 868 1338 viam
881 1272 991 1339 darem
1007 1315 1021 1345 ,

174 1359 355 1448 perspicere
390 1362 486 1449 potui
516 1397 528 1433 2
558 1359 655 1425 nullu
690 1361 795 1425 modo
816 1360 959 1425 debu-ille
987 1359 1023 1426 itt

179 1466 248 1513 tam
273 1443 614 1531 anxia'expenarione
630 1447 670 1512 de
687 1448 769 1513 uteie
795 1449 916 1523 rebue‚
939 1465 1024 1530 qua·

176 1535 242 1601 lem
253 1533 376 1623 semper
388 1556 482 1601 amor
493 1535 607 1601 afferre
619 1530 730 1609 solet,
747 1532 890 1618 relinqui
906 1578 917 1609 ,
942 1555 1024 1621 pra.

177 1622 289 1689 sertim
300 1645 374 1689 cunr
390 1641 458 1689 tam
474 1620 581 1686 facilit
602 1621 690 1688 ratio
701 1634 830 1710 pateret
846 1621 955 1707 omnir
968 1620 1026 1687 so·

178 1711 365 1777 licitudiniu
377 1710 585 1785 tollendrm'r
599 1711 713 1777 crebro
727 1707 915 1776 scribatur«
927 1710 1027 1778 Nunc

177 1819 259 1864 vero
272 1801 344 1884 post
362 1813 492 1865 tantum
506 1797 666 1884 temporie
695 1795 936 1878 intervallum,
949 1819 1027 1865 cum

179 1885 262 1951 nihil
293 1903 312 1948 a
339 1905 392 1953 me
417 1888 460 1951 ad
484 1886 676 1959 leniendum
698 1886 894 1952 desrderium·
924 1887 1027 1962 fuerit

180 1972 363 2061 scripturn,
392 1969 448 2041 sed
461 1973 561 2063 prior
572 1975 679 2063 pallus
696 1972 756 2039 finr
770 1992 822 2040 ure
834 1972 1028 2043 tuirliterr't

180 2064 326 2149 opprimi
340 2102 352 2139 ,
375 2083 473 2150 quam
492 2061 571 2126 oller
597 2082 677 2129 meu
690 2065 732 2130 nd
745 2075 782 2130 te'
793 2063 1026 2150 perveneriutg

180 2153 252 2233 lreie
268 2172 347 2216 vero
361 2174 427 2219 rem
443 2149 799 2236 indignamexclamat,
813 2153 1028 2236 multumque

182 2238 215 2304 in
244 2254 347 2304 meam
376 2239 613 2325 negligentiam
637 2239 832 2315 invehitur,
854 2261 952 2326 quam
976 2241 1031 2306 itt

182 2341 311 2410 turpem
336 2331 397 2397 hac
416 2329 448 2391 itt
463 2323 558 2390 causa
581 2325 643 2423 exffe
669 2326 768 2398 vult,
791 2327 885 2392 nulla
911 2342 949 2392 nt
966 2349 1030 2394 ex·

182 2414 349 2481 culatione
362 2415 432 2503 post
446 2427 601 2477 tantama
618 2426 651 2476 te
666 2411 823 2487 ostensam
837 2416 1029 2480 humanitem¹

181 2515 277 2576 tem,
302 2502 443 2567 maxime
459 2501 492 2564 in
518 2502 577 2565 hac
600 2490 1029 2589 postrema'epili0125eiue

109 2606 113 2609 ·
183 2590 424 2676 turpitudinem
439 2587 507 2654 elui
524 2589 611 2677 posse
624 2585 762 2654 affirmet
776 2629 790 2654 .·
812 2589 877 2656 Cui
889 2592 1028 2678 quiden

182 2679 298 2764 egofic
314 2676 520 2764 respondeo,
548 2676 698 2742 fallacem
720 2679 875 2746 elselranc
898 2681 1029 2750 exauri-

181 2768 280 2833 naudi
310 2765 607 2838 rationem,‘s1in
628 2767 697 2859 lroc
721 2766 887 2851 inquirere
915 2767 1032 2847 oeh't,
1092 2765 1095 2770 ’

183 2867 341 2938 quantum
355 2874 415 2937 ego
427 2853 459 2919 in
475 2851 583 2916 officio
598 2854 823 2939 peccaverim,
844 2858 935 2920 autr'r
952 2876 1031 2920 om·

183 2942 262 3007 nino
275 2939 520 3022 deliquerint·
543 2957 614 3003 mea
627 2936 731 3002 officia
745 2958 820 3003 cunr
837 2943 907 3006 tuis
919 2943 1032 3008 eonfe-

183 3042 258 3102 rat,
279 3028 336 3111 qui
349 3027 495 3088 omnium
510 3027 693 3090 coufeffione
707 3040 803 3090 tanto
820 3029 897 3093 aliia
910 3031 1030 3092 huma·

183 3115 288 3181 nitate
302 3159 313 3190 ,
335 3119 364 3182 dr
378 3112 494 3176 officiie
506 3111 691 3198 prestandir
704 3113 864 3192 excellit,
887 3117 929 3181 sic
940 3116 1038 3183 enim

184 3203 281 3269 facile
291 3201 443 3288 splendor
462 3214 524 3264 tue
538 3198 755 3269 humanitatis
768 3221 871 3270 metm
886 3216 1032 3289 quanta-

184 3313 309 3378 cunque
325 3286 501 3355 fitnullnm
516 3288 621 3365 videri
632 3286 763 3364 facitne
774 3289 806 3361 in
818 3291 1031 3376 gemmieen.

185 3382 322 3471 peritur,
338 3379 371 3445 in
387 3376 507 3469 quibus
522 3398 593 3464 quar
604 3375 708 3463 magio
724 3384 808 3446 niret
821 3423 833 3455 ,
846 3384 876 3448 dr
891 3378 1032 3466 reliquie

186 3470 323 3535 candore
340 3470 472 3557 prestat,
490 3486 542 3533 ear
555 3488 624 3552 que
636 3465 812 3553 separatim
823 3468 1032 3541 nerninem

185 3557 326 3629 nitorem
353 3556 528 3633 obtinent,
546 3556 832 3626 fosnrtnutttor
855 3561 1055 3648 pretiiapi'

185 3643 387 3736 perereiaeit
401 3688 412 3717 .
437 3647 547 3785 Quare
561 3646 830 3817 nonge4meruru
840 3671 882 3720 ex
893 3668 1033 3806 epzpp:
1077 3739 1084 3757 x
