2534 4342
374 397 596 468 Es’iSTOLAE
620 395 911 468 tsmrtttttts:
1022 429 1060 488 ,ς

219 491 263 555 ari
279 508 336 554 eos
350 494 368 575 (
381 489 487 553 fateor
501 491 519 571 )
531 487 734 551 insectandos
755 510 803 552 me
820 485 959 559 contusi,
974 508 1057 569 quos

220 579 285 644 tibi
299 578 431 658 quoque
448 575 508 658 ipss
528 575 663 639 minime
675 577 843 660 placere&
872 574 1057 642 satisfacere

221 664 294 731 sum
309 679 426 743 ratus.
453 662 660 746 Esquoniam
677 683 790 726 eorum
808 664 991 747 potentiam
1005 687 1060 728 re·

222 749 344 819 'veilere
357 769 419 825 non
432 764 577 831 poteram
590 791 601 823 ,
623 748 682 812 nisr
695 752 895 816 obterrerem
906 749 996 834 prius
1011 753 1065 815 ie-

221 860 277 944 pes
292 839 334 900 'ab
352 834 495 916 Ecclesia
518 835 624 901 latas:
641 837 755 923 popuii
773 854 920 921 maguam
935 850 1062 921 partem

222 924 365 1002 nessi,
384 935 421 985 ot
432 941 469 987 ea
491 925 638 988 Ecclesrae
653 928 721 1003 iura
733 938 979 1002 contemneret,
994 945 1062 1005 quo
1169 963 1173 970 ·

223 1011 281 1095 diu
304 1025 379 1076 tute
392 1010 462 1072 rata
481 1009 706 1095 inviolataque
730 1010 857 1075 fuissent
872 1053 880 1072 .
898 1010 978 1102 Qasr
995 1013 1066 1076 sriu

223 1098 375 1164 conciliis
392 1095 627 1163 universalibus
640 1099 770 1163 fuissent
793 1100 944 1161 decreta:
960 1098 1070 1164 conci·

226 1185 353 1267 {iorum
366 1183 557 1267 auctoritati
570 1205 632 1249 non
647 1187 887 1251 concedendum
899 1184 958 1249 esse
970 1185 1042 1250 disi
1055 1227 1066 1248 .

226 1271 261 1337 ti
274 1272 423 1337 instituta
436 1288 454 1332 a
469 1270 583 1355 priscis
597 1274 785 1358 patribus&
803 1272 1068 1366 doctpribusne·
1142 1348 1149 1357 ,

225 1371 314 1423 teres
337 1374 445 1444 patres
462 1372 498 1422 ut
515 1359 728 1443 imperitos&
747 1362 835 1423 bonas
849 1376 1000 1443 expertes
1015 1359 1067 1423 iu·

227 1444 426 1531 teiligentisr
440 1441 509 1509 sum
527 1446 746 1511 criminatus.
769 1447 802 1510 si
825 1467 879 1530 per
897 1449 1067 1509 Romanos

227 1534 430 1604 Pontifices,
454 1552 509 1598 eos
521 1531 579 1595 sebi
601 1533 765 1605 astruxisse
781 1532 1010 1615 tyrannidem,
1038 1535 1069 1597 St

231 1617 318 1685 sasso
331 1619 461 1685 nomine
473 1617 617 1683 sicarios
633 1619 663 1685 se
679 1620 795 1684 Christi
811 1618 916 1683 dicere
930 1619 1068 1681 affirma·

230 1704 266 1771 vi
277 1724 288 1770 r
301 1704 455 1788 omnibus
471 1707 610 1788 denique
623 1708 733 1771 modis
749 1706 901 1772 contendi
922 1747 931 1778 ,
958 1726 993 1767 ut
1009 1711 1070 1768 hoc

232 1792 446 1877 tyrannicum
462 1794 611 1858 Ecetefie
621 1792 740 1885 jugum,
756 1838 766 1869 ,
780 1814 849 1878 qus
861 1793 952 1856 cibos
972 1792 1075 1866 inter·

229 1879 313 1967 dum
323 1880 497 1967 prohibet,
523 1902 593 1966 quc
607 1883 678 1945 dies
690 1882 795 1948 servat
812 1925 822 1956 ,
852 1901 922 1963 ques
939 1884 1076 1945 coufite-
1138 1901 1146 1917 ·

232 1962 263 2032 ri
279 1968 429 2032 nos-rust
452 1983 582 2054 peccata
609 1970 714 2035 nostra
730 1969 978 2043 sacerdotibus,
1005 1988 1075 2051 que

233 2066 313 2129 vota
327 2053 457 2143 impleri
474 2059 562 2132 iubet
575 2099 584 2130 ,
599 2080 668 2142 quse
683 2059 831 2122 homines
847 2058 878 2121 in
897 2069 927 2120 te
937 2056 1070 2119 Christe

229 2140 361 2207 sibeton
374 2156 432 2206 tot
447 2140 617 2208 servitutis
629 2146 770 2209 vinculis
787 2144 926 2228 alligat,
948 2162 965 2205 a
980 2142 1076 2219 nobis

234 2229 341 2295 runos
353 2227 454 2313 quite
467 2230 607 2295 sosimus
619 2273 630 2303 ,
642 2243 869 2295 excuterentur
881 2248 894 2291 r
908 2223 1076 2310 solamque

230 2318 335 2382 ritem
351 2315 457 2391 inte,
483 2338 546 2382 non
560 2319 659 2383 etiam
677 2319 760 2380 bona
774 2334 893 2400 opere,
919 2336 989 2395 que
1006 2335 1075 2378 ma·
1157 2332 1163 2339 ·

233 2404 328 2471 xime
348 2403 555 2470 extolluntur
582 2409 611 2472 dr
638 2403 851 2490 predicantur
867 2404 900 2467 in
916 2402 1075 2478 Ecclesia,

235 2488 395 2574 iustitiam
406 2490 500 2557 nobis
511 2496 539 2561 u
552 2489 690 2559 salutem
707 2511 815 2580 parere
825 2490 1072 2556 confideremus.

236 2578 327 2643 Cum
342 2590 378 2642 tu
394 2579 570 2668 presertim
584 2599 713 2669 poenam
728 2581 889 2667 pronubis
904 2578 1075 2665 pependis-

237 2663 292 2735 set
303 2706 317 2744 ‚
330 2679 456 2751 tuoque
471 2665 580 2732 sanun
597 2668 749 2754 sanguine
762 2671 947 2733 cursitorum
961 2669 1079 2732 delicte

227 2756 270 2821 ἃ
282 2749 406 2818 sceiera
433 2752 603 2821 delevisses
620 2773 679 2820 rut
693 2773 753 2819 nos
765 2758 824 2819 lrrc
837 2773 897 2818 una
917 2754 978 2817 fide
990 2753 1023 2817 in
1047 2767 1081 2818 te

237 2839 339 2917 freti,
365 2839 501 2906 liberius
524 2839 643 2906 deinde
656 2859 750 2925 agere
772 2848 968 2922 quecunque
980 2841 1077 2904 nobis

225 2924 387 2993 ·libussset
401 2929 586 3014 poss‘emus.
611 2929 793 3014 Scripturas
815 2926 913 2990 etiam
929 2926 1078 3007 iugenio-

236 3006 391 3081 fis'rsutrt
409 3011 629 3103 perscrutatus
641 3032 737 3100 quam
752 3027 877 3082 veteres
892 3009 994 3076 illitae
1005 3027 1081 3079 tum

204 3172 208 3181 ,
239 3102 380 3189 quidem
403 3103 572 3175 maxime,
595 3125 669 3168 cunr
696 3098 823 3184 aliquid
841 3101 1020 3184 quaerebant
1040 3103 1080 3173 in

239 3190 312 3266 sir,
335 3191 425 3274 quod
441 3204 555 3256 contra
570 3191 648 3256 istos
659 3194 854 3272 detorquere
867 3187 999 3273 possem,
1015 3210 1081 3272 qua

238 3278 342 3347 etiarn
358 3279 511 3343 tourins
533 3283 564 3345 dr
582 3279 701 3364 ingenii
720 3281 898 3365 opinione,
920 3278 1005 3360 apud
1021 3299 1082 3362 po·

241 3364 511 3454 pulosfamam&
526 3365 799 3430 existimationem
820 3366 953 3434 nasius,
974 3379 1082 3432 rotam
1149 3448 1151 3450 v

243 3452 381 3539 quidem
418 3455 565 3519 Ecclesiae
591 3454 827 3517 authoritatem
854 3466 996 3516 evertere
1018 3475 1082 3520 non

246 3539 347 3631 potui
361 3560 573 3628 :magnarum
585 3557 694 3636 tamen
706 3539 907 3610 seditionum
917 3540 949 3606 in
962 3545 1081 3693 esth&

224 3648 271 3681 Ν.
318 3668 324 3677 -
988 3649 1014 3690 tt
1047 3644 1085 3688 0·
