2534 4342
337 383 561 473 EPISTOLAE
582 380 879 452 remitterent?
968 390 1032 462 44¹

204 490 282 545 nee,
302 471 403 535 altera
415 489 451 535 ut
463 491 595 535 ceteros
606 472 739 534 consriio
752 478 780 537 dr
793 468 965 556 prudentie
980 492 1037 534 tua
1060 514 1063 520 -

207 579 297 639 regar
314 600 324 620 .
347 563 454 639 Atque
467 562 581 621 harum
595 578 701 635 rerum
716 572 862 620 neutram
882 561 932 632 jue
951 559 1037 620 eiri-

205 643 261 717 ie,
289 661 461 726 utramque
485 646 611 717 tradere
637 646 666 708 a
691 642 803 726 largiri
830 642 1039 728 philosophia

206 734 326 815 potest,
343 732 442 793 nr'odo
454 749 491 793 ea
503 733 542 794 srt
557 729 691 816 ingenue
704 750 740 792 ac
753 729 955 802 liberaliter,
973 752 1038 796 uon
1075 742 1080 749 ‘

204 818 355 881 inchoata
367 815 499 892 suiunr,
524 815 578 881 sed
592 816 633 880 ad
646 814 807 899 fastigium
825 814 924 899 usque
946 813 1040 881 sacre

194 905 379 990 'theologia
400 909 430 970 ce
450 924 532 969 verre
558 901 840 983 Dei‘cognitiunie
866 905 1037 987 perducta.

208 991 333 1054 Etenim
351 994 371 1054 ti
387 1012 497 1055 uerum
512 991 580 1062 ert,
605 989 692 1073 quod
714 987 790 1074 sepe
804 989 926 1053 ditium
952 991 1040 1059 est&

206 1077 356 1160 quotidie
373 1077 515 1150 dicitur,
543 1077 643 1140 talem
664 1094 823 1158 quemque
843 1076 910 1140 fieri
936 1079 1044 1141 homi·

207 1183 304 1241 nem,
324 1166 437 1248 quales
451 1162 610 1238 suntrer,
641 1163 670 1227 St
692 1164 801 1244 qualia
814 1162 942 1237 studia,
965 1165 1041 1246 qui·

180 1249 266 1314 -buc
282 1251 339 1317 itte
361 1253 539 1317 deiet‘tatur
564 1255 593 1316 ἃ
621 1250 775 1325 ducitur,
802 1251 880 1332 quid
903 1253 1040 1335 potesta
1161 1257 1170 1269 ⁸

180 1391 182 1395 .
205 1338 286 1414 iuris
309 1340 416 1403 civilis
438 1335 569 1417 scientia
599 1354 750 1420 magnum
788 1339 1042 1422 praeclarumque

207 1424 364 1490 existere?
392 1425 425 1488 in
452 1444 515 1507 qua
544 1423 684 1508 primum
710 1439 822 1488 tenues
838 1423 910 1488 sunt
933 1446 982 1488 ree
1008 1430 1039 1494 te

206 1513 361 1586 minute,
379 1505 413 1574 in
428 1513 546 1594 quibur
559 1511 736 1574 tractandis
756 1509 883 1573 aninrue
898 1530 1039 1596 occupa-

205 1616 283 1672 tur,
307 1598 465 1681 frangitur
491 1598 562 1683 ipse
576 1615 706 1679 quoque
724 1601 753 1663 dc
774 1597 1006 1661 comminuitur
1027 1641 1041 1672 ,

206 1687 253 1751 ita
277 1687 381 1751 utuiec
396 1685 541 1770 amplum
570 1683 739 1770 quippiam
760 1697 818 1746 aut
837 1685 1042 1766 magnifieum
1117 1744 1120 1750 .

208 1773 374 1856 concipere
391 1776 497 1856 postea
511 1771 598 1857 ponit
615 1809 626 1834 .
652 1770 779 1836 Deinde
792 1813 803 1843 ,
818 1764 957 1853 id'quud
971 1791 1042 1834 nra·

207 1858 257 1942 gir
275 1864 373 1922 etiam
385 1857 706 1923 animaduertendum
724 1857 795 1932 est,
824 1872 860 1920 ut
883 1858 922 1922 de
941 1880 1044 1945 pecu·

206 1945 594 2019 niariiecontroreesriir,
616 1944 734 2028 quibus
748 1945 888 2008 maxime
911 1946 1043 2009 tumul·

207 2045 322 2097 turtur
340 2047 438 2114 atque
457 2033 601 2120 agitatur
614 2031 783 2094 homiuum
803 2051 925 2114 genus,
950 2034 1042 2111 judie

211 2119 260 2188 cia
273 2120 448 2184 reddantur
463 2163 474 2196 ,
501 2141 567 2202 quo
582 2120 614 2181 iu
642 2139 753 2201 genere
768 2119 824 2200 qui
845 2118 1041 2194 versantur,

208 2205 259 2268 rei
278 2206 452 2288 judicando
468 2208 544 2288 ‚rei
559 2201 669 2269 causas
682 2208 807 2287 agendo
818 2247 828 2278 ‚
840 2223 912 2265 cunr
925 2206 1041 2269 vident

179 2356 180 2360 ,
206 2305 335 2357 tantum
359 2293 527 2357 hominum
552 2291 689 2377 pecunie
713 2289 765 2354 vei
792 2292 965 2377 querenda
986 2293 1041 2355 vei

207 2379 380 2445 retinendae
396 2380 536 2444 studium
553 2420 565 2451 ‚
602 2378 659 2461 ipsu
674 2397 804 2460 quoque
816 2377 1041 2443 vehementio-

208 2485 240 2527 re
256 2465 365 2550 aliqua
380 2467 520 2549 pecunie
532 2464 713 2550 cupiditate
736 2465 951 2550 sepenumero
964 2478 1041 2530 tan·

208 2568 349 2634 guntur.
374 2554 475 2634 Quod
496 2574 594 2617 unum
621 2552 662 2614 ad
676 2551 913 2636 adipiscendam
936 2549 1039 2615 animi

209 2638 379 2713 uirtutem,
392 2643 533 2704 maxime
551 2639 676 2704 homiui
693 2640 840 2703 infestum
863 2650 961 2719 atque
977 2639 1040 2698 ad·

166 2742 168 2745 ·
207 2724 334 2790 versum
349 2728 414 2790 est.
443 2731 486 2791 Et
502 2725 575 2790 sunt
592 2740 700 2789 tanuen
717 2748 756 2790 ex
783 2744 917 2788 numero
941 2722 1044 2799 juris·

209 2813 433 2876 consultorum
458 2813 538 2888 ciari
560 2810 665 2894 aliqui
689 2815 717 2875 ἃ
750 2811 930 2895 praestantes
954 2810 1041 2882 viri,

208 2901 321 2981 quaiee
336 2902 367 2971 in
381 2898 490 2964 senatu
504 2901 610 2963 nostro
625 2917 687 2961 non
710 2916 830 2982 paucus
853 2894 1014 2961 cernimus
1028 2937 1042 2969 ,

208 3000 315 3068 aptos.
327 2989 520 3070 adpopulos
543 2980 756 3068 civitatesque
792 2981 945 3064 regendae
958 3025 967 3055 ‚
982 3007 1042 3049 ue-

209 3090 281 3133 runt
297 3071 348 3135 iiii
364 3075 509 3136 bonitate
529 3069 649 3155 ingenii
664 3072 693 3132 dt
707 3083 826 3136 nature
841 3069 1040 3151 praestantia,

209 3177 272 3219 non
284 3159 363 3232 juris
375 3159 483 3221 civilis
501 3159 607 3220 studio
622 3156 705 3222 tales
719 3152 932 3226 effectuum,
957 3179 1042 3240 pre·

209 3239 322 3321 i'ertim
346 3245 421 3307 stad
450 3246 555 3330 legum
571 3243 760 3318 fcientiam,
781 3242 817 3305 id
840 3245 929 3324 quod
942 3244 1044 3328 pleri·

208 3347 270 3411 que
295 3349 407 3394 eorum
429 3332 596 3401 fecerunt,
619 3333 819 3414 optimarum
841 3349 973 3413 quoque
991 3355 1047 3401 ar.

209 3417 296 3480 tium
319 3417 538 3503 cognitionem
561 3416 751 3482 addidere.
797 3416 887 3479 liiud
907 3417 1043 3499 quidem

207 3515 294 3572 certe
305 3524 369 3574 non
384 3504 427 3570 est
441 3502 648 3583 inficiandum
664 3548 676 3576 ,
699 3505 792 3588 probi
819 3503 1044 3585 iurisconsulti

646 3592 718 3684 '1¹5
862 3606 864 3608 ’
969 3612 1046 3657 mu·
