2534 4342
347 368 894 454 anrsrocnannrramnns.·
991 405 1054 467 431

203 481 275 554 est,
300 494 416 561 prater
441 475 652 543 solitudinem
673 475 907 540 scilentium·
934 470 1052 554 Itaque

202 589 260 632 nec
271 566 521 650 Carpentoradle
534 607 543 637 ,
557 584 613 628 nec
625 561 849 636 felicianum,
864 578 966 640 neque
977 563 1058 622 hor.

203 671 258 726 tos
273 659 337 733 iam
356 651 491 736 quosvis
506 666 573 716 tam
589 649 671 713 mihi
686 670 861 736 propono,
884 665 981 731 quarn
999 648 1054 715 lo.

205 766 280 815 com
308 742 444 824 aliquod
462 737 567 802 solum
596 738 705 801 ubivis
729 740 898 822 gentium,
926 735 958 800 in
981 756 1049 819 quo

204 831 287 894 mihi
306 832 465 914 deponere
480 846 596 890 omnen
615 828 731 890 harum
752 845 859 889 rerum
876 829 904 891 br
922 822 1056 910 tempo·
1153 902 1156 906 ι

203 938 275 981 rom
298 936 390 982 curat
404 919 433 984 ἃ
446 913 689 979 sollicitudines
706 912 827 978 liceat.
851 913 926 1010 Qa
949 919 1053 978 etiam

205 1005 353 1072 decania
376 1003 529 1089 cupidius
551 1017 584 1067 te
598 1001 757 1085 requiro,
781 1004 870 1085 quod
889 998 970 1064 mihi
985 1023 1050 1066 non
1163 1037 1173 1062 .-

206 1094 322 1159 videnr
337 1093 516 1175 quidquam
531 1110 624 1176 agere
643 1091 726 1154 recle
748 1088 809 1157 siue
824 1087 944 1156 atrensu
966 1105 1052 1165 too,

209 1187 241 1247 dc
259 1184 321 1246 srne
338 1181 636 1246 communicatione
657 1195 764 1242 tecum
779 1180 927 1244 omnium
944 1197 1051 1242 rerum

208 1272 320 1357 polle.
348 1269 421 1352 Ego
439 1271 500 1332 hoc
515 1267 585 1353 ipso
607 1260 781 1350 tempore,
803 1288 871 1350 quo
885 1270 951 1330 hac
975 1264 1061 1333 scrie-

207 1360 350 1430 beroam,
376 1357 563 1419 habitabam
588 1354 620 1418 in
646 1356 768 1418 aedibus
796 1376 867 1438 que,
895 1354 1053 1437 adjunCla

205 1443 281 1509 lunt
297 1444 425 1528 templo
440 1443 522 1508 Divi
538 1442 626 1507 Petri
643 1441 828 1527 cognomini
841 1443 883 1506 ad
897 1442 1051 1508 vincula.
1073 1467 1076 1472 ·

209 1532 359 1609 Eaenim
383 1532 463 1594 mihi
484 1551 556 1596 cum
573 1529 754 1594 titulouna
774 1535 976 1596 obvenerunt
986 1550 998 1606 ς
1022 1533 1052 1596 dc

201 1621 249 1683 est
270 1639 384 1684 earum
405 1635 476 1682 tam
493 1616 679 1705 prospectus
696 1637 795 1704 quam
816 1616 1051 1706 opportunitas

206 1708 437 1780 commodior,
459 1707 661 1772 unumcnim
679 1720 806 1772 tantum
824 1709 971 1773 ordinem
997 1728 1056 1770 cu·

207 1794 395 1858 bicolorum
418 1797 537 1860 babent
551 1837 562 1868 ,
588 1794 670 1860 inter
694 1796 725 1861 se
749 1797 895 1880 pervium
919 1811 1029 1859 totum
1043 1836 1055 1868 ,

207 1898 365 1966 tanquam
395 1883 525 1967 longam
548 1883 666 1948 lineam
686 1883 775 1948 omni
800 1885 977 1951 latitudine
1001 1902 1055 1945 ca·

206 1987 329 2035 rentem
343 1993 357 2050 3
375 1971 428 2035 sed
440 1974 501 2036 hoc
513 1970 590 2035 inest
608 1970 798 2046 commodi,
821 1974 911 2056 quod
925 1974 957 2035 in
970 1990 1050 2036 con·

204 2058 447 2142 tignationibua
468 2071 633 2143 quatuor,
658 2061 777 2140 quibua
798 2061 919 2125 domus
939 2059 971 2124 in
991 2079 1052 2121 ex·

202 2146 326 2214 celsum
347 2147 475 2213 sublata
490 2151 534 2212 est
544 2189 555 2222 ,
579 2146 611 2210 in
630 2147 740 2212 medio
751 2147 819 2212 duo
833 2146 907 2214 sunt
919 2145 1054 2213 ordiner

201 2236 432 2302 cubiculorum
448 2233 641 2302 alteralteri
655 2234 896 2322 superpositae,
914 2235 1052 2300 infimus

205 2323 300 2390 locus
335 2326 455 2390 culinia
474 2321 630 2406 cellisque
645 2324 807 2399 deservit,
826 2323 952 2390 summa
974 2342 1052 2384 om·

201 2413 293 2481 nium
317 2417 362 2477 est
375 2413 559 2478 ambulatio
579 2411 675 2496 longe
690 2412 821 2498 lateque
840 2410 1053 2501 prospicient,

206 2500 296 2563 frons
314 2499 384 2586 ipsa
405 2501 527 2565 adium
541 2499 582 2564 ad
603 2504 844 2585 Septentriones
868 2495 1021 2566 conversa
1040 2541 1051 2563 .

204 2587 322 2671 ltaque
348 2588 489 2653 salubria
504 2590 598 2658 locus¹
615 2588 840 2665 existima-tur,
853 2594 892 2671 ,u
910 2587 1053 2651 matuti-

207 2675 240 2737 ni
279 2675 602 2742 deambulationibus
615 2679 845 2742 accommodus
858 2721 868 2750 ,
882 2678 1053 2755 habeoque

204 2763 269 2826 hoc
288 2779 441 2850 preterea
468 2765 567 2838 boni,
591 2765 681 2847 quod
697 2765 795 2828 vinea
811 2760 1054 2849 nostroeQiri·

205 2849 275 2912 nali
301 2853 506 2939 propinquus
533 2855 599 2918 eli.
620 2853 706 2938 Qun
724 2853 861 2936 quidem
880 2851 972 2914 vinea
994 2849 1053 2913 etsr

206 2955 225 2998 a
246 2958 296 3002 me
312 2939 390 3005 satin
405 2953 554 3006 accurate
575 2941 762 3014 excolitur,
786 2955 819 3004 te
834 2955 941 3004 tamen
957 2938 1054 3020 longe

207 3025 436 3099 studiosrorem
456 3046 557 3110 quam
574 3049 649 3103 me,
671 3031 700 3092 ἃ
718 3027 886 3092 meliorem
904 3024 952 3090 sui
977 3027 1050 3087 cul-

204 3125 311 3178 torem
326 3120 497 3198 expectat:
520 3114 593 3179 Hac
607 3113 713 3198 scripli
728 3115 809 3178 dana
823 3133 953 3199 operam
970 3135 1049 3197 pur·

206 3201 417 3282 garcionibus,
443 3203 605 3266 nonenim
619 3201 698 3268 satis
715 3203 800 3266 belle
822 3225 871 3267 me
883 3203 1054 3273 habebam,

203 3292 236 3359 ἃ
259 3290 320 3350 hoc
345 3289 418 3372 ipso
443 3289 495 3354 die
525 3309 616 3361 mane
646 3290 813 3375 potionem
840 3309 1051 3374 acceperam.
1171 3350 1173 3352 ,

204 3371 275 3438 Hoc
288 3390 399 3439 autem
417 3375 577 3443 scribendi
595 3398 708 3461 genere
723 3375 839 3440 usurus
858 3392 963 3443 tecum
979 3376 1050 3442 sum

205 3457 351 3543 sepius,
376 3466 398 3527 st
421 3488 475 3549 per
496 3465 620 3528 calores
641 3469 673 3530 ἃ
696 3466 922 3530 valetudinem
949 3463 1052 3528 licue-

208 3548 281 3616 rit·
303 3553 416 3619 Nollri
437 3571 550 3619 omnen
572 3551 605 3621 in
631 3552 738 3619 officio
761 3551 835 3642 [ortt
849 3595 860 3622 .
876 3552 1048 3621 Camillus

379 3670 381 3675 .
626 3651 638 3680 0
992 3661 1055 3706 no.
