2534 4342
382 355 599 426 epistota
622 357 913 424 FAMILIARES.
1015 374 1079 442 447

243 461 337 514 tueor
351 466 360 512 t
374 469 476 530 oeque
490 449 569 509 mibi
585 446 808 530 longinquitas
820 443 979 528 temporis
991 453 1081 528 quod

243 539 352 622 postea
371 537 538 599 interceffit
561 576 572 605 ,
597 554 701 617 neque
727 534 876 597 locorum
907 531 1060 595 distantia
1074 548 1086 610 ·,

244 624 364 708 quibus
381 620 511 700 sejuntii
528 620 673 696 fotmus,
697 621 737 683 de
760 640 833 682 meo
850 619 974 696 judicio
988 620 1083 701 quic·

244 729 342 794 quam
370 709 660 789 benevolentiaque
689 707 939 771 imminuit.1n
964 721 1082 788 quate

245 801 357 862 eadem
372 810 451 880 puto
464 799 492 860 ἃ
506 798 628 856 amorio
641 795 820 858 constantia
836 811 910 876 erga
926 813 975 854 me
993 813 1089 858 rnan.

245 885 311 950 titre
325 886 353 947 dr
369 884 563 947 voluntate.
577 885 691 946 Secuta
708 878 782 947 sunt
795 897 942 964 tempora
958 881 1079 963 quibua

247 985 383 1052 uterque
411 970 554 1034 nostrum
578 971 620 1031 ad
654 971 760 1032 variae
786 967 903 1032 deinde
931 987 1023 1030 curas
1051 973 1081 1036 δι

247 1057 390 1122 atiionea
418 1057 492 1122 vita
520 1055 766 1121 distrattoeest.
789 1057 861 1140 Ego
877 1055 908 1116 in
925 1057 1004 1118 hanc
1029 1078 1086 1121 ur·

249 1149 321 1212 bem
335 1145 384 1208 bis
400 1188 410 1219 ‚
435 1159 525 1210 terve
540 1148 735 1217 accersitur,
760 1142 1088 1227 quenquam-aegerri-

247 1232 329 1300 mba
350 1233 465 1296 studiis
481 1237 598 1295 artium
614 1231 813 1319 optimarum
824 1228 1018 1303 divellerer,
1038 1232 1091 1296 vi·

250 1336 384 1405 tamque
407 1320 500 1383 iliam
524 1318 691 1404 pristinam
712 1320 838 1402 plenam
863 1316 1089 1385 suavitatis&

177 1464 178 1467 ,
248 1409 312 1472 otii
327 1422 526 1472 commutare
540 1403 661 1467 nollem
675 1421 802 1477 ,tamen
814 1404 983 1470 pontificis
997 1408 1088 1472 Max.

248 1496 389 1579 imperio
411 1492 517 1557 subire
531 1488 685 1554 senatorii
701 1491 797 1575 irujue
822 1491 963 1557 muneris
978 1514 1060 1556 onus
1076 1535 1088 1567 ,

235 1581 436 1667 'Srffpubiicia
447 1578 588 1665 negotiis
604 1598 653 1639 me
664 1581 779 1644 dedere
793 1577 980 1666 compulsus
995 1579 1065 1644 sum
1081 1621 1092 1644 .

250 1670 302 1734 To
315 1672 548 1755 Imperatorem
561 1662 717 1731 Cesarem
733 1665 888 1742 secutur,
911 1669 1001 1742 cuius
1020 1688 1093 1732 rna·

256 1758 398 1841 guitudo
407 1755 565 1839 plurimae
578 1753 667 1816 orbis
680 1768 769 1818 terre
787 1755 1003 1825 &Christiana
1014 1757 1094 1821 Rei·

249 1847 329 1928 pub.
359 1857 468 1930 parter
491 1840 663 1922 complexa
692 1844 764 1919 est,
786 1847 921 1929 probata
940 1843 992 1905 illi
1010 1846 1091 1918 fide,

250 1931 434 2004 industria,
457 1927 671 2010 &vigilantia
683 1942 765 2003 tue,
789 1931 914 2015 magnis
935 1934 974 1993 ab
986 1953 1025 1992 eo
1039 1931 1098 1995 se·

250 2039 290 2105 pe
306 2019 400 2082 rebus
415 2020 444 2081 St
470 2015 610 2098 negotiis
622 2018 810 2101 praepositus
822 2039 856 2080 ea
871 2058 879 2078 .
908 2020 1095 2101 Itaque'ego

253 2119 292 2168 at
318 2101 471 2193 proxime
484 2100 567 2164 redii
590 2101 622 2164 in
636 2105 717 2167 banc
736 2104 855 2188 Urbem
873 2122 926 2176 ,a
948 2123 1010 2187 qua
1026 2107 1093 2168 aii·

253 2207 337 2276 quot
351 2193 514 2256 abfueram
527 2208 641 2263 annos,
651 2210 723 2254 cum
738 2192 952 2275 cognovissem
966 2200 996 2255 ιε’
1006 2191 1096 2277 iegaa

255 2294 328 2345 tom
345 2282 404 2344 eise
417 2279 503 2364 apud
516 2279 660 2340 Venetos
675 2275 808 2342 Caesaris
817 2321 829 2354 ,
854 2279 1033 2360 munusque
1048 2283 1093 2342 it.

255 2368 313 2432 lud
327 2368 451 2452 egregia
465 2366 603 2448 quadam
616 2387 686 2429 curn
701 2366 862 2449 dignitate
877 2371 906 2434 tr
919 2371 1023 2452 gratia
1036 2366 1091 2433 sta.
1153 2396 1160 2410 ·

254 2455 396 2527 stinere,
419 2452 560 2537 cogitavi
574 2450 666 2539 iiiico
680 2452 815 2520 scribere
832 2452 960 2539 aliquid
976 2457 1017 2518 ad
1041 2472 1094 2530 te,

253 2546 454 2608 &renovare
474 2539 565 2602 iilius
592 2540 703 2624 prime
729 2545 949 2627 congreffionia
977 2547 1091 2607 nostrae

254 2648 309 2711 per
337 2628 448 2693 literae
472 2628 686 2705 memoriam,
710 2633 780 2693 utsr
805 2645 840 2691 tu
857 2628 1024 2693 vinculum
1051 2630 1097 2691 il·

254 2715 312 2776 iud
329 2715 418 2780 inita
436 2727 512 2776 tunc
527 2713 681 2780 internos
705 2715 855 2780 amicitie
868 2717 996 2785 firmum
1012 2716 1096 2779 reti·

253 2819 372 2874 neres,
397 2797 462 2885 ipse
489 2801 697 2882 quoque-tibi
711 2803 931 2877 ostenderem,
957 2823 1006 2865 me
1031 2820 1095 2865 non

254 2888 315 2950 eise
341 2887 390 2950 tui
405 2907 507 2968 neque
531 2887 642 2950 nostre
667 2888 901 2973 conjunctionis
924 2890 1094 2955 oblitum·

255 2973 309 3038 Sin
323 2987 355 3036 te
367 2971 451 3038 fortb
468 2992 580 3056 graves
594 2974 665 3037 aiioe
680 2978 913 3061 occupationes
926 2980 1024 3062 atqve
1036 2998 1095 3042 co·

253 3078 295 3124 ra
316 3063 356 3124 ab
381 3061 439 3149 bac
453 3061 494 3125 de
511 3081 561 3124 me
582 3062 782 3146 cogitatione
804 3064 1030 3140 abduaiffent,
1057 3076 1095 3128 ut

254 3146 445 3212 infinitatem
460 3146 587 3212 “rursus
610 3169 660 3213 me
691 3148 781 3226 tibi,
804 3166 977 3235 antequam
1003 3168 1095 3218 totus

257 3235 349 3318 plani
365 3255 404 3301 ex
422 3233 533 3298 animo
545 3249 604 3298 too
617 3237 804 3303 effluerem.
827 3238 918 3305 Scito
929 3240 1030 3326 igitur
1044 3258 1095 3304 ma

263 3340 338 3386 rurae
361 3324 470 3384 Rome
487 3322 573 3396 eise,
598 3323 796 3409 implicitum
811 3330 943 3412 quidem
957 3330 1008 3392 hie
1025 3328 1094 3395 soi·

270 3405 485 3472 icitudinibua
509 3413 727 3492 atquecnrir,
752 3421 875 3498 quac&
898 3437 1003 3482 rerum
1021 3439 1096 3481 om-

278 3493 345 3567 ium
364 3496 594 3583 perturbatio,
619 3500 825 3570 &duntona
848 3521 995 3593 tempora
1020 3508 1100 3659 Reib-

1028 3619 1068 3682 pss
1097 3640 1106 3663 ο
