2534 4342
206 390 268 455 35¹
314 443 320 453 .
364 364 572 441 Jaconl
609 365 903 435 SADOLETI
1029 363 1031 367 ’

202 471 300 525 vetut
316 458 502 521 'cunsioront
516 454 630 540 opinio
641 457 706 527 est,
730 455 918 519 hominibus
929 494 940 530 ,
953 472 1036 539 quo·

203 567 276 610 rum
289 544 463 608 nonnullae
481 558 518 605 tu
532 562 663 626 quoque
676 585 686 616 ‚
698 540 770 606 cum
786 543 837 606 hic
847 543 925 606 esset
941 541 1038 612 ,uos-

205 631 238 699 se
253 631 387 714 potuisti
403 673 412 703 ,
439 631 567 712 aliquid
582 627 722 694 severior
748 627 1040 716 statuiconcupiis·

194 719 276 786 sent
290 739 302 796 ς
314 719 367 781 ubi
384 715 415 783 se
426 715 557 782 delusos
582 715 755 800 irritosque
765 719 916 780 viderunt
927 759 937 788 ,
950 718 1042 780 indi·

206 810 330 893 gnitate
354 804 399 869 rei
430 804 840 886 &doloreiratundiaque
867 807 1042 868 vehemen-

208 896 319 959 tissime
337 891 688 977 suerunt,·perturbati.
714 895 866 980 Quorum
889 911 951 976 ego
971 890 1042 972 cia·

208 1001 335 1052 morea,
357 975 638 1063 querimoniasque
653 979 733 1042 serre
760 999 824 1043 non
840 976 950 1040 ualens
961 1019 973 1051 ‚
998 997 1040 1042 ex

208 1087 283 1132 tneo
301 1087 373 1131 rure
400 1064 564 1129 Feliciano
589 1065 719 1128 exaravi
739 1066 780 1127 ad
804 1062 1040 1143 Bononiensem

207 1151 604 1326 ssp‘sssoasssqugepeqrssrsa
621 1149 1043 1305 suffiqttadzifftimgieogivsp

622 1281 632 1312 2

157 1307 171 1331 ’
207 1325 566 1397 honoriconveniebat‚
587 1323 844 1408 enumeratisque
867 1324 950 1389 inea
973 1323 1044 1408 sur·

170 1414 173 1418 ’
209 1415 279 1488 tie,
305 1410 623 1498 expilationibusque
639 1413 783 1490 judicum
796 1411 930 1474 illorum
945 1453 955 1484 ,
969 1410 1041 1494 que

209 1501 336 1567 mihi&
354 1501 536 1584 juratorum
551 1500 681 1563 testium
709 1498 910 1562 diuiserunt
931 1514 1044 1574 notar„

209 1587 307 1652 issum
323 1608 395 1653 cum
411 1585 581 1650 severitate
596 1589 727 1670 quidem
740 1629 750 1660 ,
765 1583 818 1651 sed
830 1599 975 1650 amanter
992 1603 1050 1649 ta-

209 1697 282 1740 men
296 1674 437 1759 corripui
455 1713 464 1735 .
484 1674 593 1760 Quam
621 1691 727 1740 meam
753 1671 936 1737 libertatem
961 1674 1044 1738 tulit

205 1761 392 1844 aegerrime,
418 1758 606 1845 semperque
631 1761 747 1824 deinde
763 1761 872 1824 omnia
886 1760 918 1824 io
940 1781 1046 1828 meam

209 1850 299 1932 quafi
312 1846 543 1910 contumeliam
556 1846 758 1921 meditatos,
772 1848 858 1930 leges
872 1861 939 1910 tam
952 1868 1045 1912 com·

209 1953 344 2005 munes,
377 1951 471 2015 quarn
490 1933 584 2012 nujus
600 1935 771 2019 provincie
787 1935 989 2020 peculiaree,
1015 1940 1046 2002 δι

176 2062 196 2098 .·
211 2019 364 2108 proprias
375 2027 393 2105 (
406 2041 476 2102 quae
491 2021 540 2084 isis
551 2020 720 2107 privilegia
732 2020 898 2109 appellant
908 2026 928 2104 )
937 2023 1044 2108 passim

210 2109 275 2172 sine
299 2107 367 2170 ulla
389 2107 543 2192 religione
566 2109 1047 2196 perfringere,''·eupostulatio·

211 2195 273 2261 bus
285 2193 402 2258 nostris
414 2195 570 2260 iracunde*
588 2193 805 2279 respondere,
830 2218 983 2283 pauperes
1000 2197 1047 2281 is·

211 2281 291 2356 loe,
315 2280 370 2364 qui
385 2281 605 2365 querimoniae
626 2282 770 2363 primum
783 2284 963 2354 adjudices
985 2283 1047 2347 de·

212 2369 357 2433 tulerant
370 2410 380 2440 ,
404 2387 439 2430 ac
454 2370 608 2453 praecipue
621 2369 943 2453 Carpentorastensea
956 2389 1049 2434 meos

213 2455 448 2519 infusioanioro
464 2454 587 2538 insequi
602 2475 664 2518 noo
678 2457 811 2520 destitit.
828 2460 955 2523 Vellem
971 2454 1049 2542 pos·

213 2540 246 2606 se
276 2539 337 2604 tibi
362 2540 549 2616 ostendere,
574 2562 655 2625 quaa
683 2565 742 2627 ego
767 2545 920 2609 adiisum
935 2544 1046 2631 postea

212 2625 320 2713 scripsi
335 2624 489 2701 litteras,
505 2650 602 2712 qoam
614 2632 790 2705 humanae,
813 2654 910 2715 quam
925 2633 1048 2703 mites,

210 2734 317 2797 quam·
328 2713 423 2776 illum
437 2713 625 2800 suppliciter
639 2739 737 2804 prope
749 2719 981 2804 deprecantes,
1009 2731 1048 2781 ut

214 2799 509 2893 consuleret-quieti
522 2804 706 2890 provinciae,
722 2807 879 2880 judicium
897 2805 1049 2890 restitue·

215 2902 289 2965 ret,
308 2888 574 2961 iudicer-daret,
598 2893 653 2973 qui
682 2891 817 2977 suspecti
844 2893 980 2984 populis
995 2893 1046 2974 iris

212 2994 278 3039 noo
306 2976 517 3043 esseottnam
543 2975 600 3041 ilie
620 2979 781 3062 quosdam
801 2983 842 3042 ad
873 2980 1046 3049 arbitrium

211 3062 309 3128 suum
322 3060 567 3145 surrogarerat,
594 3086 756 3147 quorum,
784 3059 972 3152 interposita
987 3087 1048 3154 ap·

213 3149 422 3234 pulsatione„
449 3151 610 3230 judicium
630 3153 819 3220 subituram
835 3153 865 3218 se
879 3153 1050 3233 recusare·

210 3250 263 3301 rat
279 3233 468 3320 provincia.
488 3240 549 3302 Sed
562 3241 642 3320 quid
655 3262 716 3325 ago
732 3240 828 3307 iNon
844 3263 904 3327 ego
919 3246 987 3306 aeia
998 3264 1051 3320 re·

216 3346 288 3389 rom
302 3325 458 3407 gestarum
477 3333 494 3400 ,'
514 3325 566 3391 sed
579 3329 747 3408 epistolam
762 3327 890 3402 scribo,
911 3350 1049 3411 eamque

214 3411 373 3500 advirum
388 3414 519 3495 quidem
533 3417 769 3499 gravissimum,
783 3419 810 3481 St
828 3416 859 3480 in
874 3418 1051 3504 Reipubli-

86 3555 88 3559 .
111 3543 115 3549 -
212 3519 256 3575 §a
271 3518 345 3572 cura
361 3501 662 3599 occupatissimum
682 3503 737 3577 sed
753 3520 815 3574 tuae
836 3501 1049 3596 admirationi

391 3607 393 3610 ’
532 3654 542 3665 ,
788 3646 847 3674 ,.
936 3598 1052 3671 ὅπως
