<?xml version="1.0" encoding="UTF-8"?>
<!DOCTYPE html PUBLIC "-//W3C//DTD XHTML 1.0 Transitional//EN"
    "http://www.w3.org/TR/xhtml1/DTD/xhtml1-transitional.dtd">
<html xmlns="http://www.w3.org/1999/xhtml" xml:lang="en" lang="en">
 <head>
  <title>
</title>
<meta http-equiv="Content-Type" content="text/html;charset=utf-8" />
  <meta name='ocr-system' content='tesseract 3.04.00' />
  <meta name='ocr-capabilities' content='ocr_page ocr_carea ocr_par ocr_line ocrx_word'/>
</head>
<body>
  <div class='ocr_page' id='page_1' title='image "./jacobisadoletie00sadogoog_0337.png"; bbox 0 0 2534 4342; ppageno 0'>
   <div class='ocr_carea' id='block_1_1' title="bbox 263 385 1182 1517">
    <p class='ocr_par' dir='ltr' id='par_1_1' title="bbox 341 385 1034 478">
     <span class='ocr_line' id='line_1_1' title="bbox 341 385 1034 478; baseline -0.019 -15"><span class='ocrx_word' id='word_1_1' title='bbox 341 385 427 478; x_wconf 54' lang='lat' dir='ltr'>uin</span> <span class='ocrx_word' id='word_1_2' title='bbox 484 389 1034 468; x_wconf 63' lang='lat' dir='ltr'>incontsnoounrt</span> 
     </span>
    </p>

    <p class='ocr_par' dir='ltr' id='par_1_2' title="bbox 263 474 1182 1517">
     <span class='ocr_line' id='line_1_2' title="bbox 336 474 1178 570; baseline -0.015 -22"><span class='ocrx_word' id='word_1_3' title='bbox 336 479 479 570; x_wconf 76' lang='lat' dir='ltr'>pecunie</span> <span class='ocrx_word' id='word_1_4' title='bbox 491 503 566 545; x_wconf 80' lang='lat' dir='ltr'>mett</span> <span class='ocrx_word' id='word_1_5' title='bbox 580 482 704 547; x_wconf 86' lang='lat' dir='ltr'>summa</span> <span class='ocrx_word' id='word_1_6' title='bbox 716 500 756 543; x_wconf 81' lang='lat' dir='ltr'>ex</span> <span class='ocrx_word' id='word_1_7' title='bbox 769 479 903 541; x_wconf 85' lang='lat' dir='ltr'>Camilli</span> <span class='ocrx_word' id='word_1_8' title='bbox 920 475 1052 560; x_wconf 81' lang='lat' dir='ltr'>pecunia</span> <span class='ocrx_word' id='word_1_9' title='bbox 1068 474 1178 538; x_wconf 85' lang='lat' dir='ltr'>conli-</span> 
     </span>
     <span class='ocr_line' id='line_1_3' title="bbox 339 559 1181 650; baseline -0.014 -16"><span class='ocrx_word' id='word_1_10' title='bbox 339 584 464 634; x_wconf 83' lang='lat' dir='ltr'>ceretur</span> <span class='ocrx_word' id='word_1_11' title='bbox 480 612 490 641; x_wconf 94' lang='lat'>,</span> <span class='ocrx_word' id='word_1_12' title='bbox 514 587 610 650; x_wconf 89' lang='lat' dir='ltr'>quam</span> <span class='ocrx_word' id='word_1_13' title='bbox 626 564 740 629; x_wconf 86' lang='lat' dir='ltr'>deinde</span> <span class='ocrx_word' id='word_1_14' title='bbox 752 566 891 630; x_wconf 83' lang='lat' dir='ltr'>Carolus</span> <span class='ocrx_word' id='word_1_15' title='bbox 904 562 1053 628; x_wconf 85' lang='lat' dir='ltr'>Venetiis</span> <span class='ocrx_word' id='word_1_16' title='bbox 1065 559 1181 625; x_wconf 85' lang='lat' dir='ltr'>curati·</span> 
     </span>
     <span class='ocr_line' id='line_1_4' title="bbox 339 648 1180 744; baseline -0.006 -26"><span class='ocrx_word' id='word_1_17' title='bbox 339 654 422 718; x_wconf 87' lang='lat' dir='ltr'>mihi</span> <span class='ocrx_word' id='word_1_18' title='bbox 435 657 581 732; x_wconf 83' lang='lat' dir='ltr'>juberet.</span> <span class='ocrx_word' id='word_1_19' title='bbox 601 652 701 744; x_wconf 77' lang='lat' dir='ltr'>Qud</span> <span class='ocrx_word' id='word_1_20' title='bbox 718 669 811 714; x_wconf 85' lang='lat' dir='ltr'>tuum</span> <span class='ocrx_word' id='word_1_21' title='bbox 834 651 951 714; x_wconf 68' lang='lat' dir='ltr'>fatiunt</span> <span class='ocrx_word' id='word_1_22' title='bbox 965 670 1028 712; x_wconf 89' lang='lat' dir='ltr'>noo</span> <span class='ocrx_word' id='word_1_23' title='bbox 1043 648 1180 713; x_wconf 59' lang='lat' dir='ltr'>medio-</span> 
     </span>
     <span class='ocr_line' id='line_1_5' title="bbox 340 733 1180 825; baseline -0.012 -19"><span class='ocrx_word' id='word_1_24' title='bbox 340 741 387 824; x_wconf 72' lang='lat' dir='ltr'>cri</span> <span class='ocrx_word' id='word_1_25' title='bbox 405 743 483 805; x_wconf 82' lang='lat' dir='ltr'>milti</span> <span class='ocrx_word' id='word_1_26' title='bbox 505 742 568 805; x_wconf 85' lang='lat' dir='ltr'>fult</span> <span class='ocrx_word' id='word_1_27' title='bbox 582 755 771 825; x_wconf 85' lang='lat' dir='ltr'>argumento</span> <span class='ocrx_word' id='word_1_28' title='bbox 794 739 915 802; x_wconf 77' lang='lat' dir='ltr'>amoris</span> <span class='ocrx_word' id='word_1_29' title='bbox 932 755 1005 819; x_wconf 82' lang='lat' dir='ltr'>erga</span> <span class='ocrx_word' id='word_1_30' title='bbox 1032 757 1083 800; x_wconf 85' lang='lat' dir='ltr'>tue</span> <span class='ocrx_word' id='word_1_31' title='bbox 1104 733 1180 813; x_wconf 65' lang='lat' dir='ltr'>tul}</span> 
     </span>
     <span class='ocr_line' id='line_1_6' title="bbox 338 824 1180 910; baseline -0.004 -23"><span class='ocrx_word' id='word_1_32' title='bbox 338 827 434 910; x_wconf 86' lang='lat' dir='ltr'>plane</span> <span class='ocrx_word' id='word_1_33' title='bbox 445 830 530 891; x_wconf 81' lang='lat' dir='ltr'>eninr</span> <span class='ocrx_word' id='word_1_34' title='bbox 541 826 704 892; x_wconf 82' lang='lat' dir='ltr'>ostendisti</span> <span class='ocrx_word' id='word_1_35' title='bbox 719 835 731 898; x_wconf 66' lang='lat'>3</span> <span class='ocrx_word' id='word_1_36' title='bbox 746 826 802 889; x_wconf 84' lang='lat' dir='ltr'>etlr</span> <span class='ocrx_word' id='word_1_37' title='bbox 815 840 890 898; x_wconf 87' lang='lat' dir='ltr'>tot,</span> <span class='ocrx_word' id='word_1_38' title='bbox 913 843 948 886; x_wconf 80' lang='lat' dir='ltr'>ae</span> <span class='ocrx_word' id='word_1_39' title='bbox 963 824 1180 886; x_wconf 72' lang='lat' dir='ltr'>tantia‘occu-</span> 
     </span>
     <span class='ocr_line' id='line_1_7' title="bbox 338 910 1178 998; baseline -0.002 -23"><span class='ocrx_word' id='word_1_40' title='bbox 338 914 528 998; x_wconf 74' lang='lat' dir='ltr'>parionibus</span> <span class='ocrx_word' id='word_1_41' title='bbox 540 914 707 978; x_wconf 87' lang='lat' dir='ltr'>distineate</span> <span class='ocrx_word' id='word_1_42' title='bbox 722 954 732 984; x_wconf 91' lang='lat'>,</span> <span class='ocrx_word' id='word_1_43' title='bbox 752 932 858 974; x_wconf 80' lang='lat' dir='ltr'>meunt</span> <span class='ocrx_word' id='word_1_44' title='bbox 872 929 978 976; x_wconf 86' lang='lat' dir='ltr'>tamen</span> <span class='ocrx_word' id='word_1_45' title='bbox 992 912 1044 972; x_wconf 89' lang='lat' dir='ltr'>hic</span> <span class='ocrx_word' id='word_1_46' title='bbox 1055 910 1178 973; x_wconf 83' lang='lat' dir='ltr'>statum</span> 
     </span>
     <span class='ocr_line' id='line_1_8' title="bbox 338 996 1180 1082; baseline -0.004 -20"><span class='ocrx_word' id='word_1_47' title='bbox 338 1000 402 1062; x_wconf 78' lang='lat' dir='ltr'>riui</span> <span class='ocrx_word' id='word_1_48' title='bbox 415 1000 509 1064; x_wconf 85' lang='lat' dir='ltr'>valde</span> <span class='ocrx_word' id='word_1_49' title='bbox 519 1021 597 1062; x_wconf 78' lang='lat' dir='ltr'>curae</span> <span class='ocrx_word' id='word_1_50' title='bbox 609 999 687 1082; x_wconf 79' lang='lat' dir='ltr'>else.</span> <span class='ocrx_word' id='word_1_51' title='bbox 702 1001 837 1063; x_wconf 83' lang='lat' dir='ltr'>Seduoc</span> <span class='ocrx_word' id='word_1_52' title='bbox 851 1017 954 1063; x_wconf 87' lang='lat' dir='ltr'>meam</span> <span class='ocrx_word' id='word_1_53' title='bbox 966 1016 1038 1080; x_wconf 80' lang='lat' dir='ltr'>erga</span> <span class='ocrx_word' id='word_1_54' title='bbox 1057 1011 1090 1060; x_wconf 84' lang='lat' dir='ltr'>te</span> <span class='ocrx_word' id='word_1_55' title='bbox 1103 996 1180 1080; x_wconf 85' lang='lat' dir='ltr'>pie·</span> 
     </span>
     <span class='ocr_line' id='line_1_9' title="bbox 339 1083 1179 1169; baseline -0.002 -23"><span class='ocrx_word' id='word_1_56' title='bbox 339 1098 443 1148; x_wconf 84' lang='lat' dir='ltr'>tatem</span> <span class='ocrx_word' id='word_1_57' title='bbox 466 1086 704 1152; x_wconf 79' lang='lat' dir='ltr'>minimeanxit</span> <span class='ocrx_word' id='word_1_58' title='bbox 723 1127 733 1157; x_wconf 83' lang='lat'>,</span> <span class='ocrx_word' id='word_1_59' title='bbox 756 1085 845 1169; x_wconf 90' lang='lat' dir='ltr'>quod</span> <span class='ocrx_word' id='word_1_60' title='bbox 871 1107 931 1169; x_wconf 84' lang='lat' dir='ltr'>ego</span> <span class='ocrx_word' id='word_1_61' title='bbox 947 1085 987 1145; x_wconf 90' lang='lat' dir='ltr'>ad</span> <span class='ocrx_word' id='word_1_62' title='bbox 1003 1102 1073 1146; x_wconf 90' lang='lat' dir='ltr'>eam</span> <span class='ocrx_word' id='word_1_63' title='bbox 1091 1083 1179 1146; x_wconf 89' lang='lat' dir='ltr'>nihil</span> 
     </span>
     <span class='ocr_line' id='line_1_10' title="bbox 340 1170 1179 1259; baseline -0.002 -25"><span class='ocrx_word' id='word_1_64' title='bbox 340 1170 458 1235; x_wconf 79' lang='lat' dir='ltr'>adtlere</span> <span class='ocrx_word' id='word_1_65' title='bbox 486 1175 591 1259; x_wconf 83' lang='lat' dir='ltr'>poffim</span> <span class='ocrx_word' id='word_1_66' title='bbox 603 1216 613 1248; x_wconf 84' lang='lat'><strong><em>,</em></strong></span> <span class='ocrx_word' id='word_1_67' title='bbox 636 1173 786 1236; x_wconf 85' lang='lat' dir='ltr'>stimulos</span> <span class='ocrx_word' id='word_1_68' title='bbox 801 1174 932 1256; x_wconf 88' lang='lat' dir='ltr'>quidem</span> <span class='ocrx_word' id='word_1_69' title='bbox 961 1170 1040 1234; x_wconf 82' lang='lat' dir='ltr'>milti</span> <span class='ocrx_word' id='word_1_70' title='bbox 1057 1172 1179 1234; x_wconf 77' lang='lat' dir='ltr'>admo·</span> 
     </span>
     <span class='ocr_line' id='line_1_11' title="bbox 340 1235 1182 1344; baseline -0.005 -21"><span class='ocrx_word' id='word_1_71' title='bbox 340 1259 403 1330; x_wconf 81' lang='lat' dir='ltr'>uit,</span> <span class='ocrx_word' id='word_1_72' title='bbox 420 1272 456 1321; x_wconf 90' lang='lat' dir='ltr'>ut</span> <span class='ocrx_word' id='word_1_73' title='bbox 469 1258 501 1322; x_wconf 90' lang='lat' dir='ltr'>iu</span> <span class='ocrx_word' id='word_1_74' title='bbox 517 1279 587 1324; x_wconf 84' lang='lat' dir='ltr'>earn</span> <span class='ocrx_word' id='word_1_75' title='bbox 604 1259 834 1344; x_wconf 82' lang='lat' dir='ltr'>cogitationem</span> <span class='ocrx_word' id='word_1_76' title='bbox 848 1235 1077 1330; x_wconf 52' lang='lat' dir='ltr'>incumberent,</span> <span class='ocrx_word' id='word_1_77' title='bbox 1088 1278 1182 1338; x_wconf 86' lang='lat' dir='ltr'>quo·</span> 
     </span>
     <span class='ocr_line' id='line_1_12' title="bbox 340 1345 1181 1430; baseline -0.004 -20"><span class='ocrx_word' id='word_1_78' title='bbox 340 1345 444 1410; x_wconf 83' lang='lat' dir='ltr'>modo</span> <span class='ocrx_word' id='word_1_79' title='bbox 460 1364 515 1410; x_wconf 86' lang='lat' dir='ltr'>tua</span> <span class='ocrx_word' id='word_1_80' title='bbox 527 1348 558 1410; x_wconf 87' lang='lat' dir='ltr'>in</span> <span class='ocrx_word' id='word_1_81' title='bbox 577 1367 627 1425; x_wconf 79' lang='lat' dir='ltr'>me</span> <span class='ocrx_word' id='word_1_82' title='bbox 642 1347 792 1410; x_wconf 82' lang='lat' dir='ltr'>beneficia</span> <span class='ocrx_word' id='word_1_83' title='bbox 804 1347 952 1412; x_wconf 83' lang='lat' dir='ltr'>sustinere</span> <span class='ocrx_word' id='word_1_84' title='bbox 965 1363 1094 1430; x_wconf 73' lang='lat' dir='ltr'>queama</span> <span class='ocrx_word' id='word_1_85' title='bbox 1108 1362 1181 1428; x_wconf 74' lang='lat' dir='ltr'>quaa</span> 
     </span>
     <span class='ocr_line' id='line_1_13' title="bbox 263 1432 1182 1517; baseline -0.003 -19"><span class='ocrx_word' id='word_1_86' title='bbox 263 1494 268 1498; x_wconf 87' lang='lat'><em>.</em></span> <span class='ocrx_word' id='word_1_87' title='bbox 340 1434 404 1499; x_wconf 79' lang='lat' dir='ltr'>etst</span> <span class='ocrx_word' id='word_1_88' title='bbox 419 1435 532 1498; x_wconf 87' lang='lat' dir='ltr'>diffido</span> <span class='ocrx_word' id='word_1_89' title='bbox 547 1435 615 1498; x_wconf 80' lang='lat' dir='ltr'>ulla</span> <span class='ocrx_word' id='word_1_90' title='bbox 627 1456 678 1498; x_wconf 86' lang='lat' dir='ltr'>nte</span> <span class='ocrx_word' id='word_1_91' title='bbox 690 1453 829 1517; x_wconf 81' lang='lat' dir='ltr'>unquam</span> <span class='ocrx_word' id='word_1_92' title='bbox 845 1432 1019 1506; x_wconf 86' lang='lat' dir='ltr'>industria,</span> <span class='ocrx_word' id='word_1_93' title='bbox 1035 1432 1182 1517; x_wconf 82' lang='lat' dir='ltr'>diligen·</span> 
     </span>
    </p>
   </div>
   <div class='ocr_carea' id='block_1_2' title="bbox 241 1519 1181 1606">
    <p class='ocr_par' dir='ltr' id='par_1_3' title="bbox 241 1519 1181 1606">
     <span class='ocr_line' id='line_1_14' title="bbox 241 1519 1181 1606; baseline -0.004 -21"><span class='ocrx_word' id='word_1_94' title='bbox 241 1593 243 1597; x_wconf 11' lang='grc' dir='ltr'><em>Α</em></span> <span class='ocrx_word' id='word_1_95' title='bbox 340 1521 389 1584; x_wconf 83' lang='lat' dir='ltr'>tia</span> <span class='ocrx_word' id='word_1_96' title='bbox 403 1565 412 1595; x_wconf 87' lang='lat'>,</span> <span class='ocrx_word' id='word_1_97' title='bbox 426 1539 521 1605; x_wconf 83' lang='lat' dir='ltr'>alque</span> <span class='ocrx_word' id='word_1_98' title='bbox 534 1539 629 1605; x_wconf 82' lang='lat' dir='ltr'>opera</span> <span class='ocrx_word' id='word_1_99' title='bbox 644 1519 764 1603; x_wconf 81' lang='lat' dir='ltr'>atleqni</span> <span class='ocrx_word' id='word_1_100' title='bbox 780 1523 866 1606; x_wconf 86' lang='lat' dir='ltr'>polle</span> <span class='ocrx_word' id='word_1_101' title='bbox 881 1565 891 1597; x_wconf 88' lang='lat'><strong>,</strong></span> <span class='ocrx_word' id='word_1_102' title='bbox 908 1520 964 1583; x_wconf 85' lang='lat' dir='ltr'>nist</span> <span class='ocrx_word' id='word_1_103' title='bbox 978 1543 1027 1584; x_wconf 85' lang='lat' dir='ltr'>rue</span> <span class='ocrx_word' id='word_1_104' title='bbox 1044 1534 1101 1585; x_wconf 91' lang='lat' dir='ltr'>tua</span> <span class='ocrx_word' id='word_1_105' title='bbox 1114 1525 1181 1591; x_wconf 85' lang='lat' dir='ltr'>hu·</span> 
     </span>
    </p>
   </div>
   <div class='ocr_carea' id='block_1_3' title="bbox 319 1604 1184 2384">
    <p class='ocr_par' dir='ltr' id='par_1_4' title="bbox 319 1604 1184 2384">
     <span class='ocr_line' id='line_1_15' title="bbox 319 1604 1182 1692; baseline -0.001 -22"><span class='ocrx_word' id='word_1_106' title='bbox 319 1610 499 1679; x_wconf 60' lang='lat' dir='ltr'>‚munitate</span> <span class='ocrx_word' id='word_1_107' title='bbox 526 1609 711 1686; x_wconf 79' lang='lat' dir='ltr'>adjuveris,</span> <span class='ocrx_word' id='word_1_108' title='bbox 734 1628 802 1669; x_wconf 87' lang='lat' dir='ltr'>ntea</span> <span class='ocrx_word' id='word_1_109' title='bbox 820 1618 934 1670; x_wconf 86' lang='lat' dir='ltr'>&#39;tamen</span> <span class='ocrx_word' id='word_1_110' title='bbox 954 1604 1078 1670; x_wconf 85' lang='lat' dir='ltr'>summa</span> <span class='ocrx_word' id='word_1_111' title='bbox 1102 1626 1182 1692; x_wconf 82' lang='lat' dir='ltr'>erga</span> 
     </span>
     <span class='ocr_line' id='line_1_16' title="bbox 339 1692 1180 1782; baseline -0.004 -24"><span class='ocrx_word' id='word_1_112' title='bbox 339 1709 374 1760; x_wconf 82' lang='lat' dir='ltr'>te</span> <span class='ocrx_word' id='word_1_113' title='bbox 389 1692 592 1759; x_wconf 85' lang='lat' dir='ltr'>observantia</span> <span class='ocrx_word' id='word_1_114' title='bbox 608 1695 794 1782; x_wconf 81' lang='lat' dir='ltr'>pietateque</span> <span class='ocrx_word' id='word_1_115' title='bbox 805 1695 937 1758; x_wconf 82' lang='lat' dir='ltr'>efficiam</span> <span class='ocrx_word' id='word_1_116' title='bbox 950 1735 961 1766; x_wconf 90' lang='lat'>,</span> <span class='ocrx_word' id='word_1_117' title='bbox 987 1706 1024 1755; x_wconf 90' lang='lat' dir='ltr'>ut</span> <span class='ocrx_word' id='word_1_118' title='bbox 1038 1714 1076 1756; x_wconf 85' lang='lat' dir='ltr'>ea</span> <span class='ocrx_word' id='word_1_119' title='bbox 1089 1695 1180 1779; x_wconf 88' lang='lat' dir='ltr'>apud</span> 
     </span>
     <span class='ocr_line' id='line_1_17' title="bbox 341 1779 1184 1868; baseline 0.001 -24"><span class='ocrx_word' id='word_1_120' title='bbox 341 1802 394 1844; x_wconf 86' lang='lat' dir='ltr'>nte</span> <span class='ocrx_word' id='word_1_121' title='bbox 420 1779 556 1868; x_wconf 86' lang='lat' dir='ltr'>posuille</span> <span class='ocrx_word' id='word_1_122' title='bbox 581 1796 613 1843; x_wconf 87' lang='lat' dir='ltr'>te</span> <span class='ocrx_word' id='word_1_123' title='bbox 636 1781 768 1844; x_wconf 87' lang='lat' dir='ltr'>minime</span> <span class='ocrx_word' id='word_1_124' title='bbox 791 1782 964 1866; x_wconf 70' lang='lat' dir='ltr'>peniteat.</span> <span class='ocrx_word' id='word_1_125' title='bbox 991 1783 1039 1844; x_wconf 87' lang='lat' dir='ltr'>Te</span> <span class='ocrx_word' id='word_1_126' title='bbox 1063 1783 1184 1855; x_wconf 79' lang='lat' dir='ltr'>febrim</span> 
     </span>
     <span class='ocr_line' id='line_1_18' title="bbox 339 1851 1184 1948; baseline 0.001 -18"><span class='ocrx_word' id='word_1_127' title='bbox 339 1871 515 1931; x_wconf 82' lang='lat' dir='ltr'>tertianam</span> <span class='ocrx_word' id='word_1_128' title='bbox 532 1851 694 1941; x_wconf 75' lang='lat' dir='ltr'>uanuille,</span> <span class='ocrx_word' id='word_1_129' title='bbox 712 1887 752 1931; x_wconf 81' lang='lat' dir='ltr'>ex</span> <span class='ocrx_word' id='word_1_130' title='bbox 766 1873 881 1932; x_wconf 86' lang='lat' dir='ltr'>eodem</span> <span class='ocrx_word' id='word_1_131' title='bbox 908 1866 1094 1948; x_wconf 70' lang='lat' dir='ltr'>Flore-bello</span> <span class='ocrx_word' id='word_1_132' title='bbox 1124 1887 1184 1931; x_wconf 83' lang='lat' dir='ltr'>co·</span> 
     </span>
     <span class='ocr_line' id='line_1_19' title="bbox 340 1952 1175 2038; baseline 0 -22"><span class='ocrx_word' id='word_1_133' title='bbox 340 1954 464 2038; x_wconf 78' lang='lat' dir='ltr'>gunni,</span> <span class='ocrx_word' id='word_1_134' title='bbox 485 1974 545 2018; x_wconf 81' lang='lat' dir='ltr'>nnc</span> <span class='ocrx_word' id='word_1_135' title='bbox 565 1952 702 2027; x_wconf 75' lang='lat' dir='ltr'>miratus</span> <span class='ocrx_word' id='word_1_136' title='bbox 727 1952 822 2030; x_wconf 85' lang='lat' dir='ltr'>snut,</span> <span class='ocrx_word' id='word_1_137' title='bbox 843 1953 995 2017; x_wconf 77' lang='lat' dir='ltr'>cumillis</span> <span class='ocrx_word' id='word_1_138' title='bbox 1017 1954 1175 2018; x_wconf 76' lang='lat' dir='ltr'>maximia</span> 
     </span>
     <span class='ocr_line' id='line_1_20' title="bbox 339 2031 1180 2124; baseline 0.001 -21"><span class='ocrx_word' id='word_1_139' title='bbox 339 2039 528 2112; x_wconf 84' lang='lat' dir='ltr'>caloribus,</span> <span class='ocrx_word' id='word_1_140' title='bbox 547 2039 670 2124; x_wconf 84' lang='lat' dir='ltr'>quibus</span> <span class='ocrx_word' id='word_1_141' title='bbox 689 2059 785 2102; x_wconf 85' lang='lat' dir='ltr'>uento</span> <span class='ocrx_word' id='word_1_142' title='bbox 800 2043 831 2108; x_wconf 92' lang='lat' dir='ltr'>in</span> <span class='ocrx_word' id='word_1_143' title='bbox 845 2045 903 2104; x_wconf 89' lang='lat' dir='ltr'>hac</span> <span class='ocrx_word' id='word_1_144' title='bbox 916 2038 1044 2123; x_wconf 82' lang='lat' dir='ltr'>regione</span> <span class='ocrx_word' id='word_1_145' title='bbox 1058 2031 1180 2105; x_wconf 79' lang='lat' dir='ltr'>memi-</span> 
     </span>
     <span class='ocr_line' id='line_1_21' title="bbox 339 2125 1182 2210; baseline 0.001 -19"><span class='ocrx_word' id='word_1_146' title='bbox 339 2128 392 2191; x_wconf 86' lang='lat' dir='ltr'>ult</span> <span class='ocrx_word' id='word_1_147' title='bbox 406 2131 565 2206; x_wconf 78' lang='lat' dir='ltr'>majores,</span> <span class='ocrx_word' id='word_1_148' title='bbox 588 2127 682 2210; x_wconf 75' lang='lat' dir='ltr'>pauni</span> <span class='ocrx_word' id='word_1_149' title='bbox 700 2125 790 2190; x_wconf 84' lang='lat' dir='ltr'>suam</span> <span class='ocrx_word' id='word_1_150' title='bbox 813 2126 1037 2194; x_wconf 84' lang='lat' dir='ltr'>ualetudinem</span> <span class='ocrx_word' id='word_1_151' title='bbox 1062 2144 1182 2192; x_wconf 84' lang='lat' dir='ltr'>tuean-</span> 
     </span>
     <span class='ocr_line' id='line_1_22' title="bbox 340 2214 1183 2296; baseline 0.002 -18"><span class='ocrx_word' id='word_1_152' title='bbox 340 2229 418 2288; x_wconf 84' lang='lat' dir='ltr'>tut,</span> <span class='ocrx_word' id='word_1_153' title='bbox 440 2233 543 2296; x_wconf 67' lang='lat' dir='ltr'>eoque</span> <span class='ocrx_word' id='word_1_154' title='bbox 560 2216 676 2278; x_wconf 86' lang='lat' dir='ltr'>morbo</span> <span class='ocrx_word' id='word_1_155' title='bbox 698 2225 730 2278; x_wconf 86' lang='lat' dir='ltr'>te</span> <span class='ocrx_word' id='word_1_156' title='bbox 752 2215 936 2281; x_wconf 72' lang='lat' dir='ltr'>liberatumv</span> <span class='ocrx_word' id='word_1_157' title='bbox 952 2215 1014 2278; x_wconf 83' lang='lat' dir='ltr'>elle</span> <span class='ocrx_word' id='word_1_158' title='bbox 1042 2215 1089 2280; x_wconf 84' lang='lat' dir='ltr'>lta</span> <span class='ocrx_word' id='word_1_159' title='bbox 1108 2214 1183 2280; x_wconf 82' lang='lat' dir='ltr'>sum</span> 
     </span>
     <span class='ocr_line' id='line_1_23' title="bbox 341 2298 1183 2384; baseline 0.005 -22"><span class='ocrx_word' id='word_1_160' title='bbox 341 2302 475 2365; x_wconf 76' lang='lat' dir='ltr'>laetatus</span> <span class='ocrx_word' id='word_1_161' title='bbox 486 2342 497 2372; x_wconf 87' lang='lat'>,</span> <span class='ocrx_word' id='word_1_162' title='bbox 510 2300 720 2373; x_wconf 88' lang='lat' dir='ltr'>utdolorettt,</span> <span class='ocrx_word' id='word_1_163' title='bbox 731 2298 875 2366; x_wconf 83' lang='lat' dir='ltr'>secutum</span> <span class='ocrx_word' id='word_1_164' title='bbox 888 2300 1041 2384; x_wconf 87' lang='lat' dir='ltr'>gaudium</span> <span class='ocrx_word' id='word_1_165' title='bbox 1058 2303 1183 2376; x_wconf 82' lang='lat' dir='ltr'>abster-</span> 
     </span>
    </p>
   </div>
   <div class='ocr_carea' id='block_1_4' title="bbox 243 2385 1189 2470">
    <p class='ocr_par' dir='ltr' id='par_1_5' title="bbox 243 2385 1189 2470">
     <span class='ocr_line' id='line_1_24' title="bbox 243 2385 1189 2470; baseline -0.002 -18"><span class='ocrx_word' id='word_1_166' title='bbox 243 2412 248 2416; x_wconf 91' lang='lat'>·</span> <span class='ocrx_word' id='word_1_167' title='bbox 339 2386 420 2455; x_wconf 78' lang='lat' dir='ltr'>ferit</span> <span class='ocrx_word' id='word_1_168' title='bbox 430 2425 439 2450; x_wconf 82' lang='lat'><strong>.</strong></span> <span class='ocrx_word' id='word_1_169' title='bbox 450 2388 511 2450; x_wconf 86' lang='lat' dir='ltr'>Sed</span> <span class='ocrx_word' id='word_1_170' title='bbox 527 2385 619 2470; x_wconf 86' lang='lat' dir='ltr'>spero</span> <span class='ocrx_word' id='word_1_171' title='bbox 631 2387 720 2459; x_wconf 71' lang='lat' dir='ltr'>fore,</span> <span class='ocrx_word' id='word_1_172' title='bbox 734 2401 771 2448; x_wconf 91' lang='lat' dir='ltr'>ut</span> <span class='ocrx_word' id='word_1_173' title='bbox 783 2388 816 2451; x_wconf 91' lang='lat' dir='ltr'>in</span> <span class='ocrx_word' id='word_1_174' title='bbox 827 2390 919 2454; x_wconf 85' lang='lat' dir='ltr'>vinea</span> <span class='ocrx_word' id='word_1_175' title='bbox 933 2403 989 2451; x_wconf 89' lang='lat' dir='ltr'>tua</span> <span class='ocrx_word' id='word_1_176' title='bbox 1003 2388 1086 2453; x_wconf 90' lang='lat' dir='ltr'>belle</span> <span class='ocrx_word' id='word_1_177' title='bbox 1100 2389 1189 2453; x_wconf 81' lang='lat' dir='ltr'>redi-</span> 
     </span>
    </p>
   </div>
   <div class='ocr_carea' id='block_1_5' title="bbox 297 2469 1186 3435">
    <p class='ocr_par' dir='ltr' id='par_1_6' title="bbox 297 2469 1186 3435">
     <span class='ocr_line' id='line_1_25' title="bbox 340 2469 1185 2560; baseline 0.006 -26"><span class='ocrx_word' id='word_1_178' title='bbox 340 2475 459 2544; x_wconf 85' lang='lat' dir='ltr'>ficata,</span> <span class='ocrx_word' id='word_1_179' title='bbox 474 2469 594 2538; x_wconf 78' lang='lat' dir='ltr'>&amp;satia</span> <span class='ocrx_word' id='word_1_180' title='bbox 605 2489 735 2536; x_wconf 83' lang='lat' dir='ltr'>amoena</span> <span class='ocrx_word' id='word_1_181' title='bbox 747 2489 778 2536; x_wconf 87' lang='lat' dir='ltr'>te</span> <span class='ocrx_word' id='word_1_182' title='bbox 790 2475 836 2538; x_wconf 91' lang='lat' dir='ltr'>ita</span> <span class='ocrx_word' id='word_1_183' title='bbox 849 2475 997 2549; x_wconf 78' lang='lat' dir='ltr'>reficiat,</span> <span class='ocrx_word' id='word_1_184' title='bbox 1020 2492 1057 2539; x_wconf 91' lang='lat' dir='ltr'>nt</span> <span class='ocrx_word' id='word_1_185' title='bbox 1071 2477 1185 2560; x_wconf 80' lang='lat' dir='ltr'>pristi-</span> 
     </span>
     <span class='ocr_line' id='line_1_26' title="bbox 341 2557 1183 2642; baseline 0.008 -22"><span class='ocrx_word' id='word_1_186' title='bbox 341 2577 400 2623; x_wconf 76' lang='lat' dir='ltr'>nas</span> <span class='ocrx_word' id='word_1_187' title='bbox 416 2557 504 2623; x_wconf 76' lang='lat' dir='ltr'>vires</span> <span class='ocrx_word' id='word_1_188' title='bbox 529 2578 716 2642; x_wconf 80' lang='lat' dir='ltr'>recuperes,</span> <span class='ocrx_word' id='word_1_189' title='bbox 744 2578 843 2642; x_wconf 85' lang='lat' dir='ltr'>atque</span> <span class='ocrx_word' id='word_1_190' title='bbox 868 2562 986 2625; x_wconf 67' lang='lat' dir='ltr'>ostatis</span> <span class='ocrx_word' id='word_1_191' title='bbox 1012 2564 1183 2627; x_wconf 73' lang='lat' dir='ltr'>molellias</span> 
     </span>
     <span class='ocr_line' id='line_1_27' title="bbox 340 2643 1183 2736; baseline 0.002 -26"><span class='ocrx_word' id='word_1_192' title='bbox 340 2643 456 2710; x_wconf 59' lang='lat' dir='ltr'>senen</span> <span class='ocrx_word' id='word_1_193' title='bbox 478 2645 550 2727; x_wconf 77' lang='lat' dir='ltr'>Ego</span> <span class='ocrx_word' id='word_1_194' title='bbox 561 2665 692 2727; x_wconf 90' lang='lat' dir='ltr'>quoque</span> <span class='ocrx_word' id='word_1_195' title='bbox 704 2650 856 2725; x_wconf 79' lang='lat' dir='ltr'>qnoniam</span> <span class='ocrx_word' id='word_1_196' title='bbox 871 2651 932 2712; x_wconf 87' lang='lat' dir='ltr'>hoc</span> <span class='ocrx_word' id='word_1_197' title='bbox 945 2651 1101 2736; x_wconf 82' lang='lat' dir='ltr'>temporis</span> <span class='ocrx_word' id='word_1_198' title='bbox 1116 2651 1183 2724; x_wconf 87' lang='lat' dir='ltr'>est,</span> 
     </span>
     <span class='ocr_line' id='line_1_28' title="bbox 340 2730 1186 2819; baseline 0.007 -24"><span class='ocrx_word' id='word_1_199' title='bbox 340 2750 416 2795; x_wconf 86' lang='lat' dir='ltr'>mea</span> <span class='ocrx_word' id='word_1_200' title='bbox 452 2730 556 2793; x_wconf 82' lang='lat' dir='ltr'>studia</span> <span class='ocrx_word' id='word_1_201' title='bbox 593 2733 780 2808; x_wconf 76' lang='lat' dir='ltr'>intermisi,</span> <span class='ocrx_word' id='word_1_202' title='bbox 821 2739 1021 2819; x_wconf 61' lang='lat' dir='ltr'>expelloque</span> <span class='ocrx_word' id='word_1_203' title='bbox 1047 2739 1128 2800; x_wconf 84' lang='lat' dir='ltr'>dum</span> <span class='ocrx_word' id='word_1_204' title='bbox 1153 2735 1186 2801; x_wconf 85' lang='lat' dir='ltr'>se</span> 
     </span>
     <span class='ocr_line' id='line_1_29' title="bbox 297 2815 1183 2908; baseline 0.005 -26"><span class='ocrx_word' id='word_1_205' title='bbox 297 2872 307 2891; x_wconf 79' lang='grc'>,.</span> <span class='ocrx_word' id='word_1_206' title='bbox 342 2815 433 2882; x_wconf 82' lang='lat' dir='ltr'>calor</span> <span class='ocrx_word' id='word_1_207' title='bbox 448 2819 594 2901; x_wconf 81' lang='lat' dir='ltr'>frangat,</span> <span class='ocrx_word' id='word_1_208' title='bbox 612 2833 652 2882; x_wconf 89' lang='lat' dir='ltr'>ut</span> <span class='ocrx_word' id='word_1_209' title='bbox 667 2820 807 2887; x_wconf 77' lang='lat' dir='ltr'>alacrius</span> <span class='ocrx_word' id='word_1_210' title='bbox 824 2825 865 2885; x_wconf 90' lang='lat' dir='ltr'>ad</span> <span class='ocrx_word' id='word_1_211' title='bbox 876 2841 912 2886; x_wconf 88' lang='lat' dir='ltr'>ea</span> <span class='ocrx_word' id='word_1_212' title='bbox 928 2824 1031 2889; x_wconf 87' lang='lat' dir='ltr'>redite</span> <span class='ocrx_word' id='word_1_213' title='bbox 1046 2828 1155 2908; x_wconf 76' lang='lat' dir='ltr'>politur</span> <span class='ocrx_word' id='word_1_214' title='bbox 1172 2865 1183 2886; x_wconf 88' lang='lat'><strong>.</strong></span> 
     </span>
     <span class='ocr_line' id='line_1_30' title="bbox 341 2902 1184 2994; baseline -0.001 -25"><span class='ocrx_word' id='word_1_215' title='bbox 341 2902 480 2970; x_wconf 83' lang='lat' dir='ltr'>Interim</span> <span class='ocrx_word' id='word_1_216' title='bbox 506 2904 688 2970; x_wconf 85' lang='lat' dir='ltr'>valetudini</span> <span class='ocrx_word' id='word_1_217' title='bbox 703 2908 747 2970; x_wconf 91' lang='lat' dir='ltr'>do</span> <span class='ocrx_word' id='word_1_218' title='bbox 760 2930 916 2994; x_wconf 81' lang='lat' dir='ltr'>operam.</span> <span class='ocrx_word' id='word_1_219' title='bbox 946 2911 1024 2975; x_wconf 86' lang='lat' dir='ltr'>Vale</span> <span class='ocrx_word' id='word_1_220' title='bbox 1048 2911 1093 2974; x_wconf 86' lang='lat' dir='ltr'>nri</span> <span class='ocrx_word' id='word_1_221' title='bbox 1107 2930 1184 2974; x_wconf 84' lang='lat' dir='ltr'>am.</span> 
     </span>
     <span class='ocr_line' id='line_1_31' title="bbox 342 2990 1185 3081; baseline 0.004 -29"><span class='ocrx_word' id='word_1_222' title='bbox 342 2990 476 3076; x_wconf 82' lang='lat' dir='ltr'>pliffime</span> <span class='ocrx_word' id='word_1_223' title='bbox 492 2990 656 3064; x_wconf 79' lang='lat' dir='ltr'>Patrone,</span> <span class='ocrx_word' id='word_1_224' title='bbox 672 3012 708 3056; x_wconf 80' lang='lat' dir='ltr'>ac</span> <span class='ocrx_word' id='word_1_225' title='bbox 723 3017 817 3078; x_wconf 84' lang='lat' dir='ltr'>perge</span> <span class='ocrx_word' id='word_1_226' title='bbox 832 3016 883 3059; x_wconf 86' lang='lat' dir='ltr'>me</span> <span class='ocrx_word' id='word_1_227' title='bbox 901 3038 911 3068; x_wconf 90' lang='lat'><strong>,</strong></span> <span class='ocrx_word' id='word_1_228' title='bbox 926 2999 947 3059; x_wconf 89' lang='lat' dir='ltr'>li</span> <span class='ocrx_word' id='word_1_229' title='bbox 964 2997 1097 3081; x_wconf 86' lang='lat' dir='ltr'>dignum</span> <span class='ocrx_word' id='word_1_230' title='bbox 1117 2999 1185 3061; x_wconf 83' lang='lat' dir='ltr'>sta.</span> 
     </span>
     <span class='ocr_line' id='line_1_32' title="bbox 344 3076 1186 3170; baseline 0.011 -32"><span class='ocrx_word' id='word_1_231' title='bbox 344 3076 436 3153; x_wconf 71' lang='lat' dir='ltr'>tuit,</span> <span class='ocrx_word' id='word_1_232' title='bbox 465 3091 522 3139; x_wconf 81' lang='lat' dir='ltr'>tut</span> <span class='ocrx_word' id='word_1_233' title='bbox 548 3078 772 3144; x_wconf 81' lang='lat' dir='ltr'>benevolentia</span> <span class='ocrx_word' id='word_1_234' title='bbox 797 3081 993 3167; x_wconf 64' lang='lat' dir='ltr'>complesti.</span> <span class='ocrx_word' id='word_1_235' title='bbox 1017 3085 1186 3170; x_wconf 83' lang='lat' dir='ltr'>Hierony·</span> 
     </span>
     <span class='ocr_line' id='line_1_33' title="bbox 344 3162 1186 3253; baseline 0.006 -24"><span class='ocrx_word' id='word_1_236' title='bbox 344 3182 419 3229; x_wconf 82' lang='lat' dir='ltr'>mua</span> <span class='ocrx_word' id='word_1_237' title='bbox 434 3162 532 3247; x_wconf 85' lang='lat' dir='ltr'>Niger</span> <span class='ocrx_word' id='word_1_238' title='bbox 545 3205 555 3253; x_wconf 74' lang='lat'>³,</span> <span class='ocrx_word' id='word_1_239' title='bbox 570 3183 605 3228; x_wconf 86' lang='lat' dir='ltr'>ac</span> <span class='ocrx_word' id='word_1_240' title='bbox 616 3167 757 3231; x_wconf 78' lang='lat' dir='ltr'>Lazarus</span> <span class='ocrx_word' id='word_1_241' title='bbox 767 3168 871 3231; x_wconf 79' lang='lat' dir='ltr'>noller</span> <span class='ocrx_word' id='word_1_242' title='bbox 883 3169 1079 3233; x_wconf 75' lang='lat' dir='ltr'>Bonamicus</span> <span class='ocrx_word' id='word_1_243' title='bbox 1093 3170 1186 3234; x_wconf 84' lang='lat' dir='ltr'>mul-</span> 
     </span>
     <span class='ocr_line' id='line_1_34' title="bbox 340 3248 1184 3333; baseline 0.014 -22"><span class='ocrx_word' id='word_1_244' title='bbox 340 3263 416 3333; x_wconf 74' lang='lat' dir='ltr'>tam</span> <span class='ocrx_word' id='word_1_245' title='bbox 428 3250 489 3315; x_wconf 89' lang='lat' dir='ltr'>tibi</span> <span class='ocrx_word' id='word_1_246' title='bbox 503 3248 1002 3323; x_wconf 79' lang='lat' dir='ltr'>salutemadscribunt.1’aravii</span> <span class='ocrx_word' id='word_1_247' title='bbox 1015 3292 1030 3331; x_wconf 70' lang='grc' dir='ltr'>ι</span> <span class='ocrx_word' id='word_1_248' title='bbox 1044 3272 1081 3325; x_wconf 73' lang='lat' dir='ltr'>v.</span> <span class='ocrx_word' id='word_1_249' title='bbox 1094 3257 1184 3326; x_wconf 81' lang='lat' dir='ltr'>Non.</span> 
     </span>
     <span class='ocr_line' id='line_1_35' title="bbox 347 3336 1186 3435; baseline 0.019 -35"><span class='ocrx_word' id='word_1_250' title='bbox 347 3336 495 3435; x_wconf 69' lang='lat' dir='ltr'>Qlllffls</span> <span class='ocrx_word' id='word_1_251' title='bbox 509 3352 683 3428; x_wconf 68' lang='lat' dir='ltr'>MeDtXUIe</span> <span class='ocrx_word' id='word_1_252' title='bbox 1170 3336 1186 3350; x_wconf 54' lang='lat'><strong><em>³</em></strong></span> 
     </span>
    </p>
   </div>
   <div class='ocr_carea' id='block_1_6' title="bbox 1083 3569 1188 3690">
    <p class='ocr_par' dir='ltr' id='par_1_7' title="bbox 1083 3569 1188 3690">
     <span class='ocr_line' id='line_1_36' title="bbox 1083 3569 1188 3690; baseline 0.029 -19"><span class='ocrx_word' id='word_1_253' title='bbox 1083 3569 1188 3690; x_wconf 48' lang='lat' dir='ltr'>&#39;ntus</span> 
     </span>
    </p>
   </div>
   <div class='ocr_carea' id='block_1_7' title="bbox 0 0 1292 4342">
    <p class='ocr_par' dir='ltr' id='par_1_8' title="bbox 0 0 1292 4342">
     <span class='ocr_line' id='line_1_37' title="bbox 0 0 1292 4342; baseline 0 0"><span class='ocrx_word' id='word_1_254' title='bbox 0 0 1292 4342; x_wconf 95' lang='lat' dir='ltr'> </span> 
     </span>
    </p>
   </div>
  </div>
 </body>
</html>
