2534 4342
342 403 405 465 ⁸88
505 389 704 478 Jnconl
740 385 1049 456 snDoLEt‘t

344 507 409 550 nun
424 480 531 546 officio
546 496 602 543 aut
617 479 795 545 nonestatin
813 481 928 542 decore
944 521 954 550 ‚
979 473 1035 540 sed
1058 470 1190 540 emolu:

343 568 448 636 menti
474 565 671 653 compendio
699 567 762 630 fere
785 563 1002 650 dirigentibus
1039 606 1048 623 .
1076 565 1190 647 Atque

343 665 409 723 brec
423 657 557 740 quidem
577 671 641 718 ture
663 651 843 717 saeuientis
865 652 927 715 erit
943 650 1189 717 confideretio.

343 747 436 811 lllud
464 761 570 805 meum
592 739 787 804 desrderium
801 783 812 814 ,
836 740 878 803 de
898 759 965 822 quo
982 758 1075 821 agere
1102 757 1190 805 eram

345 829 506 903 exorsus,
531 845 567 891 ut
580 829 611 892 iu
624 828 769 891 habenda
785 825 1011 891 cardinalium
1027 839 1191 910 cooptan-

345 923 463 984 dorunr
490 916 641 987 ratione,
656 935 753 978 unum
777 917 838 978 tibi
856 914 1020 976 homiuem
1035 915 1190 979 nomina.

344 1023 437 1079 rem,
460 1020 519 1068 tun
535 1019 571 1065 nt
586 1002 657 1066 dixi
679 1043 689 1073 ,
713 1000 910 1087 benignitate
937 1000 1064 1071 fretun,
1088 1019 1191 1082 quom

346 1091 432 1160 certi
446 1092 578 1174 dignum
595 1088 684 1151 omni
698 1092 817 1153 honore
829 1088 969 1152 arbitror
985 1129 996 1161 ,
1022 1091 1052 1151 dt
1068 1087 1101 1149 in
1126 1108 1192 1174 qun

346 1182 494 1245 ornando
529 1175 688 1255 iudicium
707 1192 782 1239 tun
805 1173 986 1239 sandiitatin
1029 1170 1192 1241 summam

350 1266 598 1333 consecuturum
623 1263 753 1327 laudem
768 1265 827 1328 elle
839 1284 901 1328 non
917 1259 1035 1324 dubito
1050 1302 1060 1321 .
1086 1262 1121 1327 ln
1136 1286 1194 1330 an.

349 1370 416 1419 tem
434 1355 478 1420 est
490 1350 845 1438 GregoriurCortelrue
856 1352 966 1413 Abbaa
982 1352 1052 1435 (a),
1071 1350 1194 1439 dequo

350 1461 447 1506 nemo
461 1441 505 1515 est
520 1441 687 1525 proiedlo,
710 1439 767 1520 qui
793 1434 912 1503 neseiat
928 1457 1145 1520 quaecumque
1161 1444 1192 1507 in

350 1532 509 1614 magno&
535 1531 621 1591 bono
631 1528 802 1590 Sacerdote
815 1525 1004 1611 postulanda
1021 1526 1094 1597 sint,
1122 1549 1194 1594 our.

351 1614 405 1681 nia
420 1619 451 1681 in
466 1635 504 1680 eo
519 1613 715 1680 excellenter
730 1614 824 1677 inelle
839 1655 849 1686 ,
874 1613 1061 1697 ingenium,
1085 1619 1194 1681 confi·

352 1702 458 1777 lium,
482 1701 728 1785 eloquentiam,
751 1701 929 1765 dodlrinam
952 1743 964 1776 ,
989 1703 1017 1765 dr
1045 1723 1120 1785 quae
1142 1704 1194 1769 ltin

353 1810 485 1873 quoque
512 1788 730 1851 laudabiliora
743 1786 838 1863 sunt,
861 1789 1015 1870 quoniam
1033 1790 1194 1857 Christia-

351 1878 403 1940 rrir
426 1878 570 1940 moribun
593 1873 666 1940 sunt
678 1876 828 1960 propria,
852 1877 1008 1964 pietatem
1026 1894 1194 1962 praterea,

349 1963 584 2027 continentiam
601 1994 613 2039 ,-
639 1961 851 2046 religionem.
877 1967 987 2047 Neque
1006 1967 1194 2032 vernalitet

351 2048 392 2114 de
416 2071 456 2113 eo
471 2049 622 2115 sanilitan
650 2064 704 2111 tua
725 2051 906 2126 iudicavit,
929 2065 1000 2113 tum
1028 2073 1101 2117 cunr
1117 2077 1194 2120 euru

351 2140 533 2204 vocandum
551 2139 581 2202 in
596 2137 765 2203 consilium
783 2139 997 2204 maximarum
1013 2163 1120 2208 rerum
1135 2164 1194 2229 pu·

351 2226 455 2289 tevit.
479 2227 569 2290 Hunc
591 2224 692 2306 igitur
706 2247 766 2310 ego
781 2227 813 2290 io
830 2223 1010 2311 supplendo
1026 2228 1194 2297 Cardine.

353 2312 436 2377 lium
449 2313 592 2397 collegio
608 2309 774 2376 landiitati
796 2327 857 2378 tun
870 2317 1074 2381 vehementer
1095 2319 1194 2403 cupio

353 2402 414 2463 elle
428 2398 714 2462 commendatum.
740 2403 785 2463 Et
801 2423 841 2466 eo
863 2403 993 2486 magia,
1018 2403 1110 2486 quod
1136 2408 1194 2471 Fe·

353 2485 464 2550 derico
481 2484 627 2568 Fregosro
653 2499 746 2550 tanto
760 2491 790 2553 St
807 2501 873 2550 tarn
888 2493 1055 2575 preliante
1073 2491 1194 2557 Cardi-

353 2570 422 2636 nali
442 2591 540 2654 nuper
563 2571 677 2633 arnillo
697 2617 708 2648 ,
732 2574 879 2639 dolorem
905 2598 1001 2659 quem
1032 2599 1073 2643 ert
1098 2580 1194 2645 illiun

351 2673 459 2723 morte
480 2657 703 2723 incredibilem
721 2660 927 2748 accepimus,
951 2665 1046 2748 hujus
1059 2669 1194 2743 horrore,

352 2748 376 2810 fi
395 2760 450 2809 tua
468 2745 513 2809 ita
531 2746 685 2811 voluntat
713 2751 816 2823 feret,
840 2751 1104 2818 consolabimur.
1132 2757 1194 2821 Ar·

354 2856 416 2920 que
444 2831 511 2918 iple
534 2833 669 2917 quidem
686 2835 768 2899 nihil
785 2836 920 2902 omuino
941 2839 1130 2918 hujusmodi
1144 2864 1194 2908 re.

315 2953 320 2959 ·
356 2942 427 2986 rum
443 2923 588 3006 cogitat:
612 2944 672 3006 ego
685 2940 792 2989 notem
810 2925 945 3000 laboro,
970 2930 1026 3013 qui
1052 2930 1194 2997 &illum

354 3009 483 3092 diligo,
503 3009 639 3072 virtutis
652 3015 785 3092 quidem
797 3009 891 3077 enula
901 3057 911 3088 ,
926 3021 953 3081 dr
968 3017 1131 3100 imprimis
1146 3032 1194 3083 ta·

352 3118 426 3161 men
441 3093 539 3161 decus
550 3095 732 3163 saudlitatie
744 3116 804 3162 tun
819 3102 921 3165 habeo
935 3104 1014 3168 milri
1024 3119 1100 3167 ante
1114 3126 1194 3169 otu·

358 3183 410 3248 lot
427 3184 652 3269 propolitum.
678 3188 832 3271 Adcujun
849 3186 1002 3276 iusrguem
1020 3190 1153 3257 laudem
1172 3196 1194 3261 fi

866 3312 870 3319 ·
1134 3284 1194 3349 bon

389 3487 440 3557 (t)
483 3489 517 3541 Er
528 3490 586 3543 sane
600 3491 628 3542 in
641 3494 820 3547 cardinalium
834 3496 950 3552 senarum
967 3512 981 3548 t
996 3496 1076 3547 l’rulo
1088 3494 1144 3547 111.
1154 3508 1194 3548 πει·

357 3565 470 3617 lrtutell
481 3581 553 3617 anno
566 3570 708 3637 sequenti.
727 3572 788 3623 Vid.
805 3588 881 3626 rrotrr
894 3577 922 3625 in
948 3574 1019 3640 epill.
1038 3576 1153 3637 monet.
1170 3575 1194 3633 Ι.

347 3654 406 3708 m·
421 3646 468 3697 ιθ.
490 3637 516 3690 ⁸¹
530 3642 974 3718 laStdoletiritrrnprg.1.lel.
986 3647 1010 3701 ἃ
1026 3649 1163 3708 valll.
