2534 4342
355 338 892 452 nn1srotnnnnrnmnn's;
992 408 1049 472 353

225 485 394 536 occurrere
409 472 471 535 fuir
483 471 609 536 animus
625 515 636 545 ,
649 474 706 555 qni
723 495 772 537 me
783 475 981 540 existimares
994 481 1062 537 for·

227 555 306 619 teile
317 557 378 640 hor
393 557 584 622 auuoritare
600 579 668 622 mea
680 575 791 624 motus
815 561 985 646 reprimere
998 581 1061 645 po-

235 637 456 727 tuiile.·Atqui
470 643 554 709 seito
566 647 793 711 auctoritatem
809 642 933 722 ineam,
950 651 970 709 fi
986 667 1056 728 quae
1130 708 1133 711 .

227 728 328 793 modo
343 731 387 792 est
411 731 442 796 in
466 752 535 804 rne,
560 753 724 817 nunquam
750 736 836 821 apud
863 727 1062 819 quemquam

226 834 333 966 poppe
355 819 624 903 contemptiorem
654 865 683 924 ,ι
705 841 806 904 neque
830 823 1062 908 despeeriorem

225 924 318 1054 ll:
327 910 1061 1079 ‘plltlssizrisslllllilsslct&clla

226 1076 333 1140 nihilo
343 1079 454 1142 habita
469 1079 513 1141 est
529 1120 539 1141 .
568 1079 671 1165 Cujus
697 1080 730 1146 in
752 1103 790 1147 eo
805 1098 927 1154 tanta,
949 1086 1061 1148 &ram

227 1162 345 1228 subita
357 1165 552 1231 mutationis
564 1165 1061 1253 causammrqnenuncexquire·
1087 1245 1090 1252 Ι
1113 1254 1115 1258 ¹

226 1271 261 1315 rr
278 1248 371 1317 facile
388 1252 467 1327 mihi
483 1251 550 1325 est,
568 1264 695 1340 neque,
712 1258 834 1320 etiamst
851 1257 984 1320 habeam
1001 1278 1061 1321 ex·

226 1337 420 1422 quintana
436 1339 613 1422 cognitam,
628 1343 750 1407 litteris
766 1343 858 1406 illane
880 1343 1061 1426 explicare.

226 1427 332 1491 Unum
358 1429 420 1491 hoc
442 1426 483 1489 stc
511 1431 649 1504 habeto,
676 1428 906 1494 Bononiensem
930 1427 1063 1514 ipsum,

225 1534 280 1598 per
297 1512 362 1576 sesi
382 1512 565 1598 irretietur,
588 1518 751 1600 optimum
773 1516 881 1580 virum
895 1516 980 1586 ess'e,
1005 1534 1065 1578 ex·

225 1610 350 1687 pertem
364 1597 470 1665 omnis
483 1606 552 1677 ejus
567 1603 649 1667 labie
665 1647 676 1676 ‚
696 1604 892 1678 limatulo,
914 1622 984 1683 qua
1009 1598 1064 1663 vel
1171 1659 1176 1672 ,

227 1708 267 1764 err
278 1687 548 1772 intemperantia,
574 1692 625 1753 vel
639 1691 678 1753 ab
694 1690 831 1753 avaritia
845 1690 984 1776 profecta
1010 1685 1065 1749 vi·

225 1774 362 1851 dentur.
383 1776 443 1839 Sed
457 1775 486 1837 in
503 1778 643 1860 gerendo
658 1777 873 1862 magistratu,
898 1777 955 1860 qui
978 1772 1065 1838 solet

225 1862 285 1928 riie
297 1859 546 1946 uniuscuiusque
559 1877 680 1928 nature
695 1871 816 1946 ,fatque
828 1863 926 1929 animi
945 1859 1068 1926 acerri-

226 1970 301 2016 mus
315 1949 503 2034 explorator
518 1994 529 2027 ,
548 1950 686 2016 nimium
697 1951 793 2016 illum
807 1952 915 2038 pravis
933 1944 1069 2013 astutis·

226 2057 289 2122 que
306 2037 492 2104 hominibus
509 2039 540 2105 se
553 2042 743 2126 permittere
758 2084 771 2114 „
789 2061 890 2125 oeque
903 2039 1068 2103 discerne·

229 2146 261 2195 re
281 2121 386 2210 ipsum
404 2125 498 2191 facile
510 2127 543 2192 in
560 2149 626 2210 quo
640 2135 691 2207 jus
711 2127 866 2202 iniuriare
892 2124 1065 2189 consistat.

229 2213 426 2283 Guidamnn
434 2215 613 2281 remedium
629 2215 752 2280 idcireo
764 2213 893 2278 nullum
909 2204 1070 2293 est,quorl

228 2301 295 2386 ipse
307 2301 340 2365 in
355 2301 565 2384 opinionibus
579 2301 773 2386 quibusdam
786 2297 854 2380 suin
881 2299 927 2362 ita
941 2301 1068 2361 harena

227 2386 409 2469 infixusque
423 2389 493 2465 est,‘
514 2391 705 2457 utconrelli
716 2390 756 2453 ab
774 2387 815 2450 iit
827 2386 916 2452 nulla
939 2383 1067 2450 ratione

176 2504 181 2512 ·
227 2477 314 2564 polle
335 2474 483 2539 videatur
511 2518 523 2541 .
556 2478 616 2541 Seri
642 2500 703 2565 ego
726 2475 851 2552 iilum,
876 2488 1063 2560 quanquam

228 2564 399 2640 alienuma
415 2583 476 2638 me,
490 2584 598 2629 amare
612 2581 720 2630 tamen
736 2586 798 2630 non
813 2564 943 2645 desino,
962 2575 1066 2641 neque

228 2653 393 2724 desinam,
419 2654 472 2714 vel
495 2651 625 2721 summe
650 2671 747 2736 quam
765 2651 868 2716 habeo
888 2667 962 2733 erga
990 2666 1066 2708 om·

228 2759 300 2806 nem
314 2738 581 2824 ipfiuafamiliam
594 2737 822 2803 benevolentia·
833 2741 894 2799 hoc
905 2736 1052 2798 tribuens
1059 2756 1071 2800 ,·

230 2845 326 2910 quam
345 2819 518 2911 presertim
533 2824 790 2888 benevolentiam
804 2822 908 2887 virtut
932 2825 961 2886 Sr
989 2835 1068 2901 pro·

234 2911 343 2985 bitae,
360 2915 389 2977 ἃ
407 2906 551 2975 summus
568 2929 659 2973 amor
673 2929 748 2994 erga
763 2931 812 2974 me
826 2904 980 2993 Episcopi
993 2900 1069 2964 Fel-

234 3000 347 3066 treusrs
367 2999 423 3084 (a)
436 3041 447 3071 ,
469 2996 614 3069 rerillimi
638 2997 734 3061 amici
762 2990 1070 3070 constantiffimique

232 3089 425 3156 confirmat,
451 3085 502 3148 uel
518 3081 686 3146 christiane
704 3100 809 3146 mente
823 3083 863 3144 ad
890 3080 931 3142 iic
948 3075 1068 3142 sarien-

199 3167 204 3173 ’
230 3175 308 3235 dum
334 3171 515 3241 auduom,
538 3171 647 3233 Deum
674 3172 756 3234 ne&
782 3168 930 3234 homines
954 3175 1068 3230 conte·

231 3259 310 3330 lior,
324 3277 425 3340 neque
439 3277 488 3319 me
498 3191 854 3322 aonrumiieturumve
869 3253 957 3316 fuilie
971 3249 1069 3332 quip-

946 3337 1037 3424 piam
1053 3375 1066 3406 2
1089 3382 1091 3386 ·

249 3485 1057 3514 mm

246 3606 251 3613 .
271 3549 319 3618 (a)
338 3548 446 3606 Thomu
456 3551 589 3616 campegii
604 3551 701 3603 scilieet
715 3551 857 3608 Alexandri
868 3554 996 3627 perunit
1010 3565 1064 3623 quo

231 3628 260 3682 iu
277 3641 337 3685 not.
350 3627 464 3698 rdepiti.
479 3632 651 3692 cccxxix.
662 3645 720 3700 pag.
734 3643 798 3703 rto!
