2534 4342
395 367 458 435 ²⁸4
554 357 780 429 Jnconl
817 346 1112 428 SADOLET'I

398 445 529 518 nomine
541 447 648 511 noster
659 445 710 509 illi
724 447 807 511 ordo
818 448 995 534 plurimum
1006 449 1194 528 debeat.Qn

396 540 480 604 eirca
495 554 566 596 cum
578 533 625 595 ita
640 532 671 596 se
697 535 813 598 habeat
828 555 878 598 res
893 578 904 607 ‚
920 551 1040 619 tuaque
1067 537 1101 598 in
1129 540 1194 616 huit

394 623 486 688 modi
499 620 646 683 homines
659 620 816 704 propensa
828 619 950 709 semper
964 628 992 688 br
1010 624 1156 687 benefica
1181 646 1194 688 ε

397 710 507 776 titerit
527 707 704 779 voluntas,
724 728 785 770 nro
809 710 1036 794 teampliffime
1064 711 1194 775 Turuor

393 805 423 867 St
435 795 587 859 omnibus
602 792 751 877 precibus
765 812 899 878 rogo,ut
914 795 1078 860 hominem
1091 796 1128 861 in
1141 798 1194 861 fids

394 879 650 969 &patrocinium
671 894 765 943 tuum
784 896 968 966 receptum,
988 896 1046 947 tua
1057 887 1150 967 apud
1175 886 1194 947 li

393 991 465 1057 gem
478 967 606 1052 gratia,
628 986 699 1049 qun
714 969 855 1031 maxima
865 969 930 1044 est,
961 971 1073 1032 foveas
1085 975 1118 1038 sn
1144 987 1194 1036 tut

391 1081 450 1129 re,
473 1070 571 1135 atque
598 1056 729 1118 adeam
755 1056 1019 1138 benignitatem,
1050 1075 1157 1139 quam
1180 1072 1194 1120 t

390 1142 506 1228 l'pnnte
522 1139 573 1203 illi
600 1141 678 1204 effes
700 1142 924 1223 praestiturus,
949 1144 1078 1228 aliquid
1102 1166 1194 1230 quoq

390 1242 544 1318 praterea
555 1247 624 1291 mea
636 1226 729 1292 causa
744 1228 866 1302 addas,
888 1251 954 1312 quo
969 1233 1049 1295 mibi
1062 1233 1170 1299 facere
1185 1254 1194 1297 t

390 1319 438 1383 hil
452 1314 576 1401 gratius
592 1328 686 1403 potes
701 1357 711 1377 .
728 1315 818 1379 lllud
843 1318 904 1381 tibi
916 1321 1072 1384 confirmo
1088 1363 1098 1391 ,
1126 1321 1150 1383 ss
1173 1323 1194 1384 h

370 1423 374 1431 '
390 1412 512 1471 minem
524 1405 607 1467 hunt
620 1403 820 1467 humanitate
832 1420 887 1468 tua
901 1409 931 1471 u
946 1404 1149 1473 liberalitate
1163 1408 1194 1471 fu

389 1495 439 1557 ris
454 1490 670 1575 complexus3
685 1490 862 1555 maximam
876 1493 1015 1577 gratiam
1025 1494 1194 1559 ab'omnlb

388 1580 432 1644 iis
449 1578 506 1661 qui
530 1578 651 1661 ubique
663 1589 821 1642 terrarum
835 1579 977 1664 optimis
991 1581 1120 1645 artibus
1135 1583 1194 1645 ded

388 1667 416 1731 ti
429 1664 504 1730 suut
519 1709 530 1739 ,
543 1664 703 1729 initurum
720 1677 752 1725 te
764 1665 823 1730 elle
838 1705 849 1729 .
875 1666 956 1732 Vale
968 1667 1126 1755 Carpant.
1141 1670 1194 1735 rdi

389 1752 552 1820 Nouemb.
568 1768 608 1815 tn.
624 1770 663 1816 n.
678 1765 756 1814 xu.

483 1856 818 1947 'nursronn
862 1885 1107 1955 ccclxxxv.

338 1990 363 2005 ”
381 2021 461 2094 Jnc.
473 2015 907 2083 ssn.rncon.rtonntrno
924 2019 1040 2084 canu.
1051 2022 1110 2107 (a)
1127 2024 1194 2094 Roi

383 2155 481 2328 QJod
495 2153 604 2219 rarius
630 2152 750 2214 adeunt
777 2153 911 2221 litterar
932 2152 1054 2221 dederit
1075 2154 1144 2244 sese
1166 2174 1194 2225 et

383 2247 419 2308 cn
436 2252 496 2304 ne.
525 2308 528 2313 ,

482 2374 535 2438 On
558 2374 729 2441 oblivione
751 2389 872 2443 mutua
904 2374 1141 2443 benevolentis>
1163 2386 1194 2444 nt

496 2460 587 2533 stroe,
608 2464 713 2525 rarius
726 2462 767 2522 ad
780 2466 867 2528 tedo
886 2461 1020 2540 literas,
1036 2484 1133 2547 quam
1154 2467 1194 2530 for

378 2544 459 2609 sstan
472 2541 549 2609 ulus
561 2548 681 2612 veteris
692 2554 803 2614 nostra
816 2551 1052 2623 coniunilionis
1062 2553 1193 2639 postule

376 2628 433 2699 fed
447 2633 572 2717 pudore
585 2636 729 2715 quodam
743 2635 777 2697 id
790 2639 826 2703 fit
838 2639 950 2722 potius
964 2682 976 2712 ,
989 2642 1081 2723 quod
1092 2661 1194 2708 neren

375 2737 416 2786 ne
429 2720 497 2786 tuis
517 2722 721 2806 gravioribus
734 2724 821 2789 cutis
834 2720 1079 2810 intempestivus
1092 2728 1194 2794 obstr«

373 2827 475 2895 pant.
498 2812 580 2879 Nam
598 2810 679 2874 milri
702 2810 835 2890 quidam
867 2814 1030 2879 ntiumtst
1053 2821 1120 2902 (ut
1145 2828 1194 2880 tut

375 2895 440 2961 scin
453 2897 471 2975 )
484 2895 610 2960 absenti
626 2899 797 2981 ansgotiis
810 2900 974 2985 publicis,
1000 2903 1022 2965 st
1046 2916 1157 2967 tamen
1182 2902 1194 2967 i

375 2983 478 3046 tantis
503 2981 749 3049 calamitatibus
773 2986 912 3071 Reipub.
934 2987 1041 3051 orium
1058 2989 1194 3072 cuiquan

374 3068 512 3150 aliquod
526 3070 584 3132 eise
595 3071 723 3152 potest·
748 3074 807 3136 Sed
825 3089 932 3139 tamen
944 3092 985 3138 ex
997 3074 1134 3140 alterius
1150 3098 1194 3141 vo

368 3152 498 3218 luntate
512 3175 577 3218 nnn
589 3156 771 3241 dependent
785 3160 925 3224 ustiones
944 3182 1031 3234 men,
1046 3182 1128 3244 quas
1143 3163 1194 3249 ipl

370 3241 454 3307 mihi
462 3242 504 3305 ad
516 3263 622 3308 meum
634 3242 808 3312 arbitrium
820 3264 998 3333 comparo.
1015 3251 1131 3335 ltaque
1145 3251 1193 3314 mi

1009 3369 1019 3375 ·
1117 3337 1194 3401 hiat

405 3526 456 3593 (s)
475 3527 514 3578 ne
536 3529 676 3596 nnuntphn
696 3531 802 3589 nonfuit
818 3546 895 3595 aaran
912 3535 942 3594 ia
958 3537 1033 3610 anili.
1052 3482 1194 3598 cccli}

365 3611 425 3672 ιιι.
435 3610 483 3659 60·
492 3597 569 3665 buius
576 3606 661 3676 nattis
674 3641 684 3671 .
1079 3626 1081 3631 ·
