2534 4342
331 389 555 457 BPJSTOLAE
577 388 866 455 FAMILIARES.
971 413 1035 476 443

203 479 317 544 maadi
342 479 550 562 complexum
582 489 715 561 tamque
748 474 938 542 immensam
962 502 1044 543 mo·

202 564 311 633 lem&
334 564 500 629 constituit
516 569 556 646 ab
573 564 669 628 initio
691 562 801 625 divina
824 565 965 648 quadam
990 564 1041 626 sa·

203 653 347 735 pientia,
370 648 525 717 &aliidui
547 653 696 716 continet
709 693 720 724 ‚
744 664 901 734 vegetat,
927 652 1043 713 mode·

204 754 307 812 ratur,
321 739 494 802 terendum
509 738 584 810 etit,
597 738 706 811 credo,
720 757 758 800 ne
772 756 833 801 nos
852 757 966 824 parum
979 739 1044 800 do-

207 838 302 899 ceat,
325 845 393 907 qure
405 826 445 888 sie
462 825 550 889 ratio
559 826 686 911 optima
699 823 896 910 gubernandi
911 828 940 890 de
964 842 1047 906 que·

206 911 419 975 madmodum
446 912 614 976 hominnm
631 927 763 999 contusi,
786 931 868 994 quaa
892 910 1045 976 civitates

207 999 1047 1172 salillogittilltlssll,fazintollit:
1095 1159 1098 1164 Α

209 1189 305 1254 quarn
322 1188 359 1237 ut
372 1193 469 1237 omne
492 1174 636 1238 nostrum
656 1172 825 1239 confilium
838 1174 883 1236 'ad
894 1171 952 1236 illa
963 1193 1047 1257 pra·-

210 1257 295 1322 eelsa
307 1264 335 1327 dr
349 1260 542 1345 sempiterna
557 1260 621 1324 Dei
636 1263 766 1325 consilia
781 1258 970 1333 referamur,
988 1257 1050 1340 qui

212 1346 338 1409 axillis
361 1349 455 1410 bonis
467 1366 562 1429 ‚uua
580 1346 675 1410 nobis
696 1344 903 1433 suppeditat,
916 1344 1047 1411 nullum

210 1431 270 1493 subi
290 1431 356 1516 ipse
383 1433 535 1517 appetit,
559 1431 613 1495 sed
638 1429 704 1496 snit
726 1431 921 1518 quibusdam
943 1437 1052 1507 maio·

212 1514 304 1583 ribos
327 1520 434 1584 multia
456 1517 616 1603 longique
642 1520 775 1586 eximtis
794 1536 965 1584 contentus
979 1520 1045 1582 est.

180 1627 182 1630 ·
211 1604 320 1700 Qam
335 1605 594 1692 praeclariliimam
608 1607 767 1672 rationem
780 1607 892 1671 nolim
912 1607 1050 1670 virtutis

213 1711 250 1756 ac
260 1694 438 1776 prudentia
455 1693 488 1756 in
503 1694 733 1778 gubernatione
746 1694 942 1782 populorum
955 1714 1052 1757 exer·

212 1781 332 1854 cende,
348 1779 415 1844 sola
436 1780 642 1866 philosophia
654 1783 782 1848 tradere
804 1781 898 1845 nobie
914 1783 1049 1848 dedoce-

212 1877 246 1929 re
257 1867 362 1952 potest
377 1869 685 1959 .Qemadntodurn
698 1872 742 1934 est
755 1876 794 1935 de
807 1867 929 1935 Pericle
944 1871 1051 1932 Athe·

215 1952 316 2018 nienli
336 1952 512 2043 scriptum,
534 1957 592 2039 qui
604 1976 677 2020 cunr
690 1956 779 2041 illam
793 1958 954 2038 Rempub.
970 1972 1054 2038 qua-

214 2037 366 2126 draginta
380 2060 480 2109 annot
493 2045 665 2108 continuos
678 2044 807 2107 rexitiet
819 2085 829 2115 ,
842 2043 1055 2105 mirarentur·

213 2146 278 2210 que
289 2132 439 2196 homines
454 2130 511 2214 qui
524 2131 680 2216 potuisset
693 2130 850 2217 populum
868 2127 962 2190 illum
978 2124 1053 2190 sua·

217 2229 399 2301 pte-natura
418 2219 595 2281 admodum
610 2213 824 2289 insolentem,
849 2218 877 2281 dr
890 2213 1055 2278 fastidien-

219 2314 287 2366 tem
304 2307 415 2368 crebro
425 2309 564 2370 tenores
577 2300 654 2368 suot
668 2345 677 2375 ‚
695 2316 762 2366 tam
775 2301 954 2386 longinquo
969 2315 1055 2362 tem·

218 2410 296 2476 pore
310 2391 488 2474 gubernare
503 2435 513 2466 ‚
541 2389 739 2456 intelledium
753 2390 797 2453 est
811 2431 822 2462 ,
848 2406 883 2451 ea
898 2389 933 2451 ld
948 2386 1057 2448 ratio·

220 2497 259 2539 ne
272 2477 435 2563 accidisse,
451 2479 539 2561 qaod
553 2477 691 2542 Periclea
710 2483 907 2560 Anaxagorae
922 2474 952 2540 in
969 2475 1055 2558 phy-

220 2563 295 2629 nete
316 2565 450 2628 auditor
467 2569 495 2631 ἃ
509 2566 541 2630 in
555 2565 729 2628 illaturum
741 2561 939 2629 naturalium
952 2561 1056 2627 scieu-

221 2649 503 2738 tia,percipiendin
519 2667 639 2717 nature
656 2651 797 2715 contiliis
811 2651 1010 2715 'exercitatus
1021 2649 1053 2712 dt

221 2732 339 2801 dodina
351 2783 362 2813 ,
372 2738 514 2802 animum
527 2756 623 2822 quem
636 2737 772 2812 summis
787 2736 1058 2809 rationibuseru·

221 2822 353 2898 dierat,
377 2826 656 2911 prudentiamque
672 2842 773 2906 ¹quam
789 2823 964 2888 maximam
985 2820 1059 2889 inde

222 2925 429 2994 compararat
445 2957 467 2986 ,.
480 2914 520 2978 ab
534 2910 601 2976 lllit
615 2909 775 2975 alriffimia
788 2914 882 2976 rebus
898 2955 908 2985 ,
932 2912 976 2972 ad
992 2911 1061 2971 hee

223 2989 377 3062 inferiora
396 3002 561 3066 trastanda
572 3001 758 3083 agendaque
773 2992 1060 3064 transtulissensed

225 3085 305 3162 quid
322 3081 572 3172 agoiepistolam
584 3085 785 3150 instituerant
801 3084 987 3158 scribere‚ea
999 3103 1061 3146 au·

226 3179 292 3233 tem
303 3169 415 3235 crescit
428 3175 459 3239 in
479 3170 630 3237 vollrmen
643 3188 661 3235 .’
682 3173 790 3237 Finem
806 3171 910 3256 igitur
923 3173 1063 3245 latiam,
1168 3207 1171 3214 ·

227 3270 327 3402 terpue
348 3262 400 3333 dr,
426 3262 565 3327 orabo&
593 3260 769 3334 hortabor,
790 3275 829 3322 ut
852 3267 870 3346 (
890 3260 979 3341 qnod
1008 3256 1062 3320 avi

225 3358 269 3404 vo
286 3358 398 3411 nntatn
420 3339 487 3411 ''fiat
507 3362 523 3428 J
570 3343 617 3408 ita
652 3346 693 3409 ad
718 3342 959 3437 philosophiam
989 3343 1062 3407 ani·

205 3442 321 3495 ‘mum
347 3446 440 3497 tuum
467 3430 611 3518 applicet
643 3474 654 3508 ,
702 3446 739 3495 ut
759 3431 881 3498 statutt
909 3452 949 3497 ex
975 3431 1058 3505 illa,

225 3525 284 3584 nea
294 3518 426 3587 aliunde
446 3515 604 3607 usquam,
627 3536 739 3671 aegram
755 3516 819 3584 tlbi
836 3519 966 3587 laudem
980 3563 991 3594 ,
1004 3539 1064 3582 ve·

258 3634 261 3639 ·
297 3630 300 3634 ·
720 3611 740 3668 6
976 3623 1066 3672 eam·
