2534 4342
304 363 838 433 turmore-murmurat.
941 377 1002 452 m
1140 355 1149 369 '

164 451 276 539 egiiie,
286 456 440 538 quodque
454 471 490 517 tu
500 469 565 517 tam
582 453 684 540 gratia
698 459 727 522 u
740 450 1009 527 amantiorem.

165 543 217 605 bin
230 542 435 627 prosequaris
450 540 463 607 i
477 543 550 606 imo
561 562 621 627 ego
633 542 692 624 qui
709 557 840 607 reterre
855 561 931 607 amo
945 565 1007 609 eo.

114 626 122 641 ⁹
164 627 264 713 ioque
279 629 486 702 mirabiliter,
501 629 694 693 rusticitatis
710 650 818 696 tamen
836 632 1010 719 meipsum

166 718 370 791 condemno,
395 717 486 801 quud
501 715 918 802 nescirixquemadmodum
945 742 1009 785 vo·

162 801 318 881 luiffem,
341 809 370 872 dr
399 804 679 888 quemadmodum
691 821 752 871 tua
771 806 937 873 excellent
952 811 1011 877 di·

164 898 272 976 gnitas
287 892 500 980 postulabat,
524 894 784 959 benevolentiam
801 893 835 960 iu
853 909 887 959 te
902 915 1010 967 meam

164 980 227 1044 tibi
240 981 426 1047 declarare.
448 981 558 1072 Quare
568 1002 643 1046 cum
659 989 716 1047 tua
729 986 1008 1052 commemoratio
1033 1049 1036 1054 ,
1061 1064 1063 1074 1
1151 1048 1154 1052 .

163 1069 311 1132 meoium
324 1088 402 1156 erga
424 1084 456 1134 te
469 1069 649 1135 officiorum
670 1072 821 1136 ruborem
837 1069 919 1135 mihi
940 1095 1009 1162 po·

100 1224 102 1228 ,
164 1154 233 1219 tiur
251 1156 414 1230 incutiat,
439 1174 537 1241 quam
552 1157 659 1221 nilam
676 1157 930 1226 afferateauiam
944 1203 955 1234 ‚
970 1161 1006 1228 in

163 1244 225 1304 hoc
245 1264 360 1329 genere
373 1244 533 1327 quidem,
562 1246 641 1310 bene
654 1246 694 1311 de
721 1266 774 1311 me
798 1245 871 1328 ipio
890 1247 1010 1312 existi·

118 1367 119 1372 κ
163 1333 296 1405 mandi,
318 1330 429 1414 quaeso
446 1331 680 1415 obtestorque,
694 1331 938 1398 uecouservato
954 1334 1010 1400 in·
1078 1372 1082 1380 ,

115 1451 118 1458 ,
163 1430 216 1480 rer
229 1438 289 1482 nou
299 1419 538 1483 neceffitudiois
552 1418 687 1484 vinculo
699 1465 712 1499 ,
722 1438 791 1502 quo
802 1419 843 1483 ad
854 1433 1009 1488 eternam

162 1512 302 1594 (urego
320 1505 457 1590 statuo)
484 1505 669 1570 amicitiam
694 1511 726 1574 dr
742 1502 1009 1582 benevolentiam

164 1593 334 1678 eonjuniii
360 1593 496 1665 sumus,
515 1590 642 1676 reiiqua
668 1593 758 1657 aiter
785 1592 1010 1661 alteriuroffi·

162 1679 236 1756 ria,
264 1696 419 1747 nontam
445 1681 615 1748 efferamur
633 1680 743 1747 'verbis
759 1697 822 1744 nor
841 1680 1008 1765 quidem,

163 1786 264 1850 quam
283 1786 360 1832 rum
370 1789 458 1857 opus
470 1765 557 1844 erit,
579 1781 700 1834 mutuo
709 1765 943 1853 requiramue.
963 1771 1009 1838 Iu

160 1868 304 1938 quotue
320 1852 443 1943 semper
469 1866 576 1940 parter
605 1855 783 1942 amplioree
797 1854 916 1922 future
931 1856 1009 1926 sunt

160 1947 193 2012 ἃ
208 1942 451 2030 gratificandi&
463 1942 626 2009 beneficiio
639 1942 802 2016 affieierrdi
813 1987 825 2020 ,
850 1965 927 2010 eum
940 1965 1009 2013 uon

161 2051 223 2117 ego
245 2029 375 2108 solum,
398 2032 457 2099 sed
472 2030 535 2096 mei
545 2029 583 2094 hi
597 2031 714 2120 popuii
724 2049 841 2098 omnen
859 2074 871 2106 ,
897 2032 931 2099 iu
947 2046 1010 2098 tua

159 2139 243 2205 ope,
257 2119 486 2194 authoritate,
522 2117 710 2202 patrocinio
721 2160 733 2193 ,
759 2136 909 2200 magnam
933 2116 1006 2208 spei

162 2206 225 2272 suae
239 2221 366 2293 partem
380 2208 552 2292 repositam
560 2203 725 2270 habeant·
740 2204 914 2292 Quicquid
929 2228 1009 2292 por·
1025 2232 1031 2236 ·

142 2296 201 2361 'ro
215 2292 297 2358 meir
316 2294 571 2366 commodatur,
595 2291 677 2356 milri
699 2304 784 2357 certe
810 2294 1008 2359 commoda·

161 2396 242 2455 tur,
265 2375 323 2464 qui
340 2378 476 2448 iliorum
507 2373 601 2442 causa
613 2396 781 2444 nunctum
794 2379 940 2450 maxime
955 2383 1011 2446 ia-

161 2470 264 2533 boro·
287 2467 420 2532 Etenim
436 2482 473 2532 ut
486 2480 522 2528 ru
538 2464 621 2531 seiae
639 2511 651 2543 ,
671 2464 796 2532 dilatio
813 2467 891 2532 data
909 2468 1009 2536 debi-
1127 2494 1130 2498 ⁴

162 2554 516 2640 toribueJudeorum,
544 2553 637 2640 eujur
649 2569 684 2620 tu
695 2554 746 2620 vei
760 2553 927 2641 imprimit
944 2580 1006 2624 ex·

163 2643 261 2708 eirisii
271 2644 384 2707 aanor
396 2685 408 2717 ,
428 2643 470 2707 ad
482 2638 608 2707 exitum
620 2647 686 2722 jam
701 2641 1008 2734 addudtaest,1ue·

157 2751 226 2817 que
239 2730 415 2816 quiequam
424 2730 589 2805 -uirraiam
601 2727 636 2794 in
646 2728 874 2814 expetentium
884 2731 1005 2806 eremiti

159 2834 201 2884 ut
221 2817 399 2883 secundum
424 2821 485 2881 hoc
510 2813 647 2878 biduum
669 2815 875 2902 compleatur
901 2837 1007 2885 carcer

93 2904 121 2936 s
162 2905 336 2971 hominum
346 2900 562 2978 miserorum,
580 2905 609 2967 dr
627 2901 669 2964 ad
680 2899 873 2967 solvendum
893 2905 1008 2991 impo-

157 2992 310 3058 tentium.
320 3033 332 3066 ‚
342 2990 664 3074 duriffimot'empore
677 2990 751 3054 anni
768 3009 916 3065 ,annona
928 2997 1008 3058 cha.

158 3081 303 3156 riffirna,
326 3077 524 3168 pauperibus,
550 3078 674 3165 pessinre
703 3078 853 3147 affertis·
885 3082 921 3145 ln
938 3103 1006 3165 quo

160 3188 303 3254 magnus
313 3165 571 3253 quamplurimis
585 3165 692 3232 ludius
706 3209 718 3241 ,
732 3167 815 3232 mihi
827 3166 929 3230 animi
944 3172 1008 3233 do·

127 3275 129 3280 ·
162 3258 214 3322 lor
229 3272 363 3343 paratus
389 3256 454 3331 est,
480 3276 554 3319 curn
580 3269 690 3318 remen
711 3255 834 3322 interea
862 3257 1007 3322 adorem

161 3344 339 3413 Provincia
351 3344 430 3414 satie
444 3344 571 3431 pridem
586 3343 617 3408 in
628 3343 886 3409 Urbenabenteu
898 3385 909 3416 ,
920 3343 1011 3410 nihii
1061 3347 1065 3353 ’

160 3432 271 3501 adhue
283 3433 498 3503 humanitatis
512 3477 523 3511 ,
547 3428 817 3504 &misericordie
831 3431 1003 3515 potuimua

160 3522 339 3613 consequi.
363 3518 873 3675 ldcttdtfitsthmmii⁰²fifi⁶¹⁸
900 3540 1003 3622 oceu-

652 3625 671 3671 ι
890 3619 1005 3700 patro·-
