<?xml version="1.0" encoding="UTF-8"?>
<!DOCTYPE html PUBLIC "-//W3C//DTD XHTML 1.0 Transitional//EN"
    "http://www.w3.org/TR/xhtml1/DTD/xhtml1-transitional.dtd">
<html xmlns="http://www.w3.org/1999/xhtml" xml:lang="en" lang="en">
 <head>
  <title>
</title>
<meta http-equiv="Content-Type" content="text/html;charset=utf-8" />
  <meta name='ocr-system' content='tesseract 3.04.00' />
  <meta name='ocr-capabilities' content='ocr_page ocr_carea ocr_par ocr_line ocrx_word'/>
</head>
<body>
  <div class='ocr_page' id='page_1' title='image "./jacobisadoletie00sadogoog_0366.png"; bbox 0 0 2534 4342; ppageno 0'>
   <div class='ocr_carea' id='block_1_1' title="bbox 137 370 1153 3677">
    <p class='ocr_par' dir='ltr' id='par_1_1' title="bbox 204 370 1123 978">
     <span class='ocr_line' id='line_1_1' title="bbox 280 370 1043 469; baseline 0.003 -25"><span class='ocrx_word' id='word_1_1' title='bbox 280 459 284 463; x_wconf 89' lang='lat'>.</span> <span class='ocrx_word' id='word_1_2' title='bbox 347 378 563 448; x_wconf 73' lang='lat' dir='ltr'>aplsl&#39;olla</span> <span class='ocrx_word' id='word_1_3' title='bbox 587 370 875 460; x_wconf 67' lang='lat' dir='ltr'><strong>FAMILIARES.</strong></span> <span class='ocrx_word' id='word_1_4' title='bbox 978 383 1043 469; x_wconf 63' lang='lat'>34&#39;5</span> 
     </span>
     <span class='ocr_line' id='line_1_2' title="bbox 205 462 1043 555; baseline 0.007 -27"><span class='ocrx_word' id='word_1_5' title='bbox 205 462 290 528; x_wconf 88' lang='lat' dir='ltr'>euim</span> <span class='ocrx_word' id='word_1_6' title='bbox 308 483 429 532; x_wconf 75' lang='lat' dir='ltr'>moeror</span> <span class='ocrx_word' id='word_1_7' title='bbox 445 488 534 532; x_wconf 89' lang='lat' dir='ltr'>meus</span> <span class='ocrx_word' id='word_1_8' title='bbox 557 468 590 531; x_wconf 88' lang='lat' dir='ltr'>in</span> <span class='ocrx_word' id='word_1_9' title='bbox 615 471 804 535; x_wconf 68' lang='lat' dir='ltr'>calamitate</span> <span class='ocrx_word' id='word_1_10' title='bbox 819 483 872 536; x_wconf 90' lang='lat' dir='ltr'>tot</span> <span class='ocrx_word' id='word_1_11' title='bbox 897 475 1043 555; x_wconf 86' lang='lat' dir='ltr'>populo·</span> 
     </span>
     <span class='ocr_line' id='line_1_3' title="bbox 205 552 1043 639; baseline 0.01 -28"><span class='ocrx_word' id='word_1_12' title='bbox 205 569 296 625; x_wconf 77' lang='lat' dir='ltr'>rurn,</span> <span class='ocrx_word' id='word_1_13' title='bbox 312 555 479 639; x_wconf 83' lang='lat' dir='ltr'>quirnimi</span> <span class='ocrx_word' id='word_1_14' title='bbox 497 552 593 619; x_wconf 93' lang='lat' dir='ltr'>dolor</span> <span class='ocrx_word' id='word_1_15' title='bbox 607 556 682 619; x_wconf 83' lang='lat' dir='ltr'>effer</span> <span class='ocrx_word' id='word_1_16' title='bbox 697 555 710 622; x_wconf 78' lang='grc' dir='ltr'><strong><em>ἓ</em></strong></span> <span class='ocrx_word' id='word_1_17' title='bbox 727 557 783 639; x_wconf 90' lang='lat' dir='ltr'>qui</span> <span class='ocrx_word' id='word_1_18' title='bbox 798 579 861 622; x_wconf 87' lang='lat' dir='ltr'>uon</span> <span class='ocrx_word' id='word_1_19' title='bbox 877 557 957 620; x_wconf 88' lang='lat' dir='ltr'>mihi</span> <span class='ocrx_word' id='word_1_20' title='bbox 968 578 1043 622; x_wconf 83' lang='lat' dir='ltr'>cot·</span> 
     </span>
     <span class='ocr_line' id='line_1_4' title="bbox 206 640 1042 722; baseline 0.016 -26"><span class='ocrx_word' id='word_1_21' title='bbox 206 640 296 718; x_wconf 84' lang='lat' dir='ltr'>potis</span> <span class='ocrx_word' id='word_1_22' title='bbox 312 644 363 707; x_wconf 87' lang='lat' dir='ltr'>vel</span> <span class='ocrx_word' id='word_1_23' title='bbox 379 640 576 722; x_wconf 79' lang='lat' dir='ltr'>asperrimus</span> <span class='ocrx_word' id='word_1_24' title='bbox 598 643 787 715; x_wconf 78' lang='lat' dir='ltr'>cruciatus,</span> <span class='ocrx_word' id='word_1_25' title='bbox 812 642 914 708; x_wconf 84' lang='lat' dir='ltr'>levior</span> <span class='ocrx_word' id='word_1_26' title='bbox 932 659 1042 709; x_wconf 76' lang='lat' dir='ltr'>tamen</span> 
     </span>
     <span class='ocr_line' id='line_1_5' title="bbox 205 721 1042 795; baseline 0.014 -12"><span class='ocrx_word' id='word_1_27' title='bbox 205 721 264 785; x_wconf 90' lang='lat' dir='ltr'>illa</span> <span class='ocrx_word' id='word_1_28' title='bbox 278 728 454 793; x_wconf 80' lang='lat' dir='ltr'>acerbitate</span> <span class='ocrx_word' id='word_1_29' title='bbox 470 727 628 791; x_wconf 85' lang='lat' dir='ltr'>accideret</span> <span class='ocrx_word' id='word_1_30' title='bbox 644 728 657 792; x_wconf 72' lang='grc' dir='ltr'><strong><em>ἓ</em></strong></span> <span class='ocrx_word' id='word_1_31' title='bbox 682 732 817 794; x_wconf 88' lang='lat' dir='ltr'>Ancum</span> <span class='ocrx_word' id='word_1_32' title='bbox 832 731 864 795; x_wconf 84' lang='lat' dir='ltr'>in</span> <span class='ocrx_word' id='word_1_33' title='bbox 875 731 936 794; x_wconf 91' lang='lat' dir='ltr'>hoc</span> <span class='ocrx_word' id='word_1_34' title='bbox 949 751 1042 795; x_wconf 91' lang='lat' dir='ltr'>com·</span> 
     </span>
     <span class='ocr_line' id='line_1_6' title="bbox 205 813 1123 898; baseline 0.01 -26"><span class='ocrx_word' id='word_1_35' title='bbox 205 814 296 876; x_wconf 88' lang='lat' dir='ltr'>muni</span> <span class='ocrx_word' id='word_1_36' title='bbox 310 829 465 898; x_wconf 79' lang='lat' dir='ltr'>tanquam</span> <span class='ocrx_word' id='word_1_37' title='bbox 478 813 619 878; x_wconf 89' lang='lat' dir='ltr'>nominis</span> <span class='ocrx_word' id='word_1_38' title='bbox 634 819 662 880; x_wconf 77' lang='lat' dir='ltr'>u</span> <span class='ocrx_word' id='word_1_39' title='bbox 675 817 801 897; x_wconf 78' lang='lat' dir='ltr'>generis</span> <span class='ocrx_word' id='word_1_40' title='bbox 817 817 918 881; x_wconf 82' lang='lat' dir='ltr'>uoliri</span> <span class='ocrx_word' id='word_1_41' title='bbox 932 817 1042 880; x_wconf 84' lang='lat' dir='ltr'>iucen-</span> <span class='ocrx_word' id='word_1_42' title='bbox 1120 818 1123 825; x_wconf 90' lang='grc'><strong>’</strong></span> 
     </span>
     <span class='ocr_line' id='line_1_7' title="bbox 204 896 1039 978; baseline 0.011 -21"><span class='ocrx_word' id='word_1_43' title='bbox 204 896 283 971; x_wconf 85' lang='lat' dir='ltr'>dio,</span> <span class='ocrx_word' id='word_1_44' title='bbox 310 921 422 965; x_wconf 86' lang='lat' dir='ltr'>ornnes</span> <span class='ocrx_word' id='word_1_45' title='bbox 436 899 498 963; x_wconf 86' lang='lat' dir='ltr'>fere</span> <span class='ocrx_word' id='word_1_46' title='bbox 511 916 573 962; x_wconf 89' lang='lat' dir='ltr'>nou</span> <span class='ocrx_word' id='word_1_47' title='bbox 591 900 631 962; x_wconf 82' lang='lat' dir='ltr'>ad</span> <span class='ocrx_word' id='word_1_48' title='bbox 645 903 806 966; x_wconf 82' lang='lat' dir='ltr'>aux-ilium</span> <span class='ocrx_word' id='word_1_49' title='bbox 821 947 831 978; x_wconf 91' lang='lat'><strong>,</strong></span> <span class='ocrx_word' id='word_1_50' title='bbox 856 901 913 967; x_wconf 85' lang='lat' dir='ltr'>sed</span> <span class='ocrx_word' id='word_1_51' title='bbox 927 904 969 965; x_wconf 76' lang='lat' dir='ltr'>ad</span> <span class='ocrx_word' id='word_1_52' title='bbox 984 905 1039 966; x_wconf 87' lang='lat' dir='ltr'>di-</span> 
     </span>
    </p>

    <p class='ocr_par' dir='ltr' id='par_1_2' title="bbox 182 986 1044 1765">
     <span class='ocr_line' id='line_1_8' title="bbox 182 986 1041 1076; baseline 0.009 -32"><span class='ocrx_word' id='word_1_53' title='bbox 182 1046 185 1067; x_wconf 61' lang='lat'><em>,</em></span> <span class='ocrx_word' id='word_1_54' title='bbox 204 987 385 1067; x_wconf 86' lang='lat' dir='ltr'>reptionem</span> <span class='ocrx_word' id='word_1_55' title='bbox 400 986 595 1052; x_wconf 77' lang='lat' dir='ltr'>conveniant</span> <span class='ocrx_word' id='word_1_56' title='bbox 615 1029 626 1060; x_wconf 88' lang='lat'>,</span> <span class='ocrx_word' id='word_1_57' title='bbox 652 1009 714 1072; x_wconf 86' lang='lat' dir='ltr'>ego</span> <span class='ocrx_word' id='word_1_58' title='bbox 727 1006 857 1073; x_wconf 87' lang='lat' dir='ltr'>qouque</span> <span class='ocrx_word' id='word_1_59' title='bbox 877 991 1041 1076; x_wconf 79' lang='lat' dir='ltr'>particeps</span> 
     </span>
     <span class='ocr_line' id='line_1_9' title="bbox 204 1068 1040 1160; baseline 0.005 -26"><span class='ocrx_word' id='word_1_60' title='bbox 204 1068 315 1154; x_wconf 86' lang='lat' dir='ltr'>aliqua</span> <span class='ocrx_word' id='word_1_61' title='bbox 340 1095 379 1138; x_wconf 82' lang='lat' dir='ltr'>ex</span> <span class='ocrx_word' id='word_1_62' title='bbox 404 1088 494 1159; x_wconf 82' lang='lat' dir='ltr'>parte</span> <span class='ocrx_word' id='word_1_63' title='bbox 509 1071 601 1137; x_wconf 85' lang='lat' dir='ltr'>illius</span> <span class='ocrx_word' id='word_1_64' title='bbox 626 1075 737 1160; x_wconf 78' lang='lat' dir='ltr'>preda</span> <span class='ocrx_word' id='word_1_65' title='bbox 761 1077 822 1142; x_wconf 79' lang='lat' dir='ltr'>elle</span> <span class='ocrx_word' id='word_1_66' title='bbox 845 1076 969 1152; x_wconf 77' lang='lat' dir='ltr'>debui?</span> <span class='ocrx_word' id='word_1_67' title='bbox 993 1083 1040 1141; x_wconf 83' lang='lat' dir='ltr'>At</span> 
     </span>
     <span class='ocr_line' id='line_1_10' title="bbox 205 1158 1043 1246; baseline 0.006 -25"><span class='ocrx_word' id='word_1_68' title='bbox 205 1158 286 1223; x_wconf 87' lang='lat' dir='ltr'>mibi</span> <span class='ocrx_word' id='word_1_69' title='bbox 298 1163 386 1246; x_wconf 89' lang='lat' dir='ltr'>prius</span> <span class='ocrx_word' id='word_1_70' title='bbox 399 1160 521 1224; x_wconf 84' lang='lat' dir='ltr'>rnillies</span> <span class='ocrx_word' id='word_1_71' title='bbox 533 1172 619 1225; x_wconf 83' lang='lat' dir='ltr'>lnora</span> <span class='ocrx_word' id='word_1_72' title='bbox 629 1165 741 1226; x_wconf 84' lang='lat' dir='ltr'>acerba</span> <span class='ocrx_word' id='word_1_73' title='bbox 753 1162 992 1246; x_wconf 79' lang='lat' dir='ltr'>eveniat,quam</span> <span class='ocrx_word' id='word_1_74' title='bbox 1005 1178 1043 1227; x_wconf 89' lang='lat' dir='ltr'>ut</span> 
     </span>
     <span class='ocr_line' id='line_1_11' title="bbox 202 1243 1039 1334; baseline 0.01 -28"><span class='ocrx_word' id='word_1_75' title='bbox 202 1243 388 1313; x_wconf 79' lang='lat' dir='ltr'>illiusmodi</span> <span class='ocrx_word' id='word_1_76' title='bbox 409 1245 538 1331; x_wconf 79' lang='lat' dir='ltr'>culpam</span> <span class='ocrx_word' id='word_1_77' title='bbox 554 1247 816 1312; x_wconf 73' lang='lat' dir='ltr'>labeone-ullam</span> <span class='ocrx_word' id='word_1_78' title='bbox 842 1248 1039 1334; x_wconf 79' lang='lat' dir='ltr'>suscipiam:</span> 
     </span>
     <span class='ocr_line' id='line_1_12' title="bbox 207 1334 1042 1418; baseline 0.002 -18"><span class='ocrx_word' id='word_1_79' title='bbox 207 1334 246 1400; x_wconf 83' lang='lat' dir='ltr'>de</span> <span class='ocrx_word' id='word_1_80' title='bbox 258 1355 321 1418; x_wconf 89' lang='lat' dir='ltr'>qua</span> <span class='ocrx_word' id='word_1_81' title='bbox 335 1356 374 1399; x_wconf 93' lang='lat' dir='ltr'>ne</span> <span class='ocrx_word' id='word_1_82' title='bbox 391 1335 529 1417; x_wconf 83' lang='lat' dir='ltr'>cogitari</span> <span class='ocrx_word' id='word_1_83' title='bbox 542 1334 675 1416; x_wconf 89' lang='lat' dir='ltr'>quidem</span> <span class='ocrx_word' id='word_1_84' title='bbox 690 1337 776 1418; x_wconf 83' lang='lat' dir='ltr'>poffe</span> <span class='ocrx_word' id='word_1_85' title='bbox 798 1339 861 1401; x_wconf 81' lang='lat' dir='ltr'>l&#39;rue</span> <span class='ocrx_word' id='word_1_86' title='bbox 883 1337 1042 1402; x_wconf 79' lang='lat' dir='ltr'>scelere&amp;</span> 
     </span>
     <span class='ocr_line' id='line_1_13' title="bbox 205 1419 1044 1506; baseline 0.001 -24"><span class='ocrx_word' id='word_1_87' title='bbox 205 1423 383 1504; x_wconf 87' lang='lat' dir='ltr'>patricidio</span> <span class='ocrx_word' id='word_1_88' title='bbox 394 1423 434 1484; x_wconf 85' lang='lat' dir='ltr'>ab</span> <span class='ocrx_word' id='word_1_89' title='bbox 444 1420 575 1483; x_wconf 83' lang='lat' dir='ltr'>bomine</span> <span class='ocrx_word' id='word_1_90' title='bbox 587 1419 658 1483; x_wconf 85' lang='lat' dir='ltr'>ullo</span> <span class='ocrx_word' id='word_1_91' title='bbox 670 1437 751 1504; x_wconf 89' lang='lat' dir='ltr'>puto</span> <span class='ocrx_word' id='word_1_92' title='bbox 763 1462 772 1483; x_wconf 83' lang='lat'><strong>·</strong></span> <span class='ocrx_word' id='word_1_93' title='bbox 785 1425 875 1506; x_wconf 82' lang='lat' dir='ltr'>Ergo</span> <span class='ocrx_word' id='word_1_94' title='bbox 891 1424 938 1494; x_wconf 90' lang='lat' dir='ltr'>id,</span> <span class='ocrx_word' id='word_1_95' title='bbox 953 1423 1044 1504; x_wconf 89' lang='lat' dir='ltr'>quod</span> 
     </span>
     <span class='ocr_line' id='line_1_14' title="bbox 203 1504 1044 1594; baseline 0 -21"><span class='ocrx_word' id='word_1_96' title='bbox 203 1508 267 1573; x_wconf 86' lang='lat' dir='ltr'>fuit</span> <span class='ocrx_word' id='word_1_97' title='bbox 280 1507 441 1590; x_wconf 87' lang='lat' dir='ltr'>reliquum</span> <span class='ocrx_word' id='word_1_98' title='bbox 454 1521 552 1589; x_wconf 83' lang='lat' dir='ltr'>atque</span> <span class='ocrx_word' id='word_1_99' title='bbox 566 1504 672 1571; x_wconf 78' lang='lat' dir='ltr'>l&#39;olum</span> <span class='ocrx_word' id='word_1_100' title='bbox 686 1506 802 1594; x_wconf 81' lang='lat' dir='ltr'>sumpsi</span> <span class='ocrx_word' id='word_1_101' title='bbox 820 1508 949 1582; x_wconf 83' lang='lat' dir='ltr'>milri‚&amp;</span> <span class='ocrx_word' id='word_1_102' title='bbox 963 1529 1044 1573; x_wconf 68' lang='lat' dir='ltr'>con,-</span> 
     </span>
     <span class='ocr_line' id='line_1_15' title="bbox 201 1593 1041 1679; baseline 0.004 -22"><span class='ocrx_word' id='word_1_103' title='bbox 201 1595 295 1669; x_wconf 81' lang='lat' dir='ltr'>¹ilitui</span> <span class='ocrx_word' id='word_1_104' title='bbox 310 1593 550 1658; x_wconf 83' lang='lat' dir='ltr'>eoncedendum</span> <span class='ocrx_word' id='word_1_105' title='bbox 575 1594 654 1657; x_wconf 89' lang='lat' dir='ltr'>mihi</span> <span class='ocrx_word' id='word_1_106' title='bbox 674 1596 733 1659; x_wconf 76' lang='lat' dir='ltr'>ell‘e</span> <span class='ocrx_word' id='word_1_107' title='bbox 749 1596 779 1658; x_wconf 91' lang='lat' dir='ltr'>iu</span> <span class='ocrx_word' id='word_1_108' title='bbox 803 1615 838 1659; x_wconf 88' lang='lat' dir='ltr'>ea</span> <span class='ocrx_word' id='word_1_109' title='bbox 851 1594 948 1669; x_wconf 86' lang='lat' dir='ltr'>loca,</span> <span class='ocrx_word' id='word_1_110' title='bbox 971 1616 1041 1679; x_wconf 84' lang='lat' dir='ltr'>quo</span> 
     </span>
     <span class='ocr_line' id='line_1_16' title="bbox 204 1679 1043 1765; baseline 0.001 -20"><span class='ocrx_word' id='word_1_111' title='bbox 204 1702 261 1745; x_wconf 89' lang='lat' dir='ltr'>nec</span> <span class='ocrx_word' id='word_1_112' title='bbox 272 1679 501 1765; x_wconf 80' lang='lat' dir='ltr'>Pelopidarum</span> <span class='ocrx_word' id='word_1_113' title='bbox 515 1698 631 1744; x_wconf 87' lang='lat' dir='ltr'>nomen</span> <span class='ocrx_word' id='word_1_114' title='bbox 658 1702 713 1746; x_wconf 91' lang='lat' dir='ltr'>oec</span> <span class='ocrx_word' id='word_1_115' title='bbox 726 1683 805 1745; x_wconf 70' lang='lat' dir='ltr'>falla</span> <span class='ocrx_word' id='word_1_116' title='bbox 818 1701 906 1746; x_wconf 89' lang='lat' dir='ltr'>meas</span> <span class='ocrx_word' id='word_1_117' title='bbox 920 1684 962 1746; x_wconf 86' lang='lat' dir='ltr'>ad</span> <span class='ocrx_word' id='word_1_118' title='bbox 982 1702 1043 1746; x_wconf 87' lang='lat' dir='ltr'>au·</span> 
     </span>
    </p>

    <p class='ocr_par' dir='ltr' id='par_1_3' title="bbox 190 1767 1050 1936">
     <span class='ocr_line' id='line_1_17' title="bbox 190 1767 1050 1864; baseline 0.005 -34"><span class='ocrx_word' id='word_1_119' title='bbox 190 1846 191 1851; x_wconf 8' lang='grc' dir='ltr'>ἵ</span> <span class='ocrx_word' id='word_1_120' title='bbox 204 1785 261 1856; x_wconf 82' lang='lat' dir='ltr'>tes</span> <span class='ocrx_word' id='word_1_121' title='bbox 268 1769 509 1853; x_wconf 88' lang='lat' dir='ltr'>prolaberentur</span> <span class='ocrx_word' id='word_1_122' title='bbox 524 1809 536 1830; x_wconf 84' lang='grc'><strong>.</strong></span> <span class='ocrx_word' id='word_1_123' title='bbox 549 1767 652 1864; x_wconf 77' lang='lat' dir='ltr'>Qud</span> <span class='ocrx_word' id='word_1_124' title='bbox 663 1771 726 1832; x_wconf 75' lang='lat' dir='ltr'>etsi</span> <span class='ocrx_word' id='word_1_125' title='bbox 736 1788 799 1834; x_wconf 89' lang='lat' dir='ltr'>nou</span> <span class='ocrx_word' id='word_1_126' title='bbox 810 1770 945 1833; x_wconf 83' lang='lat' dir='ltr'>omnino</span> <span class='ocrx_word' id='word_1_127' title='bbox 960 1771 1050 1834; x_wconf 79' lang='lat' dir='ltr'>alle·</span> 
     </span>
     <span class='ocr_line' id='line_1_18' title="bbox 205 1853 1046 1936; baseline 0.007 -20"><span class='ocrx_word' id='word_1_128' title='bbox 205 1873 288 1936; x_wconf 84' lang='lat' dir='ltr'>quot</span> <span class='ocrx_word' id='word_1_129' title='bbox 305 1898 315 1926; x_wconf 86' lang='lat'>‚</span> <span class='ocrx_word' id='word_1_130' title='bbox 342 1853 462 1918; x_wconf 86' lang='lat' dir='ltr'>multas</span> <span class='ocrx_word' id='word_1_131' title='bbox 477 1857 579 1918; x_wconf 85' lang='lat' dir='ltr'>habeo</span> <span class='ocrx_word' id='word_1_132' title='bbox 592 1861 741 1922; x_wconf 83' lang='lat' dir='ltr'>tamen&amp;</span> <span class='ocrx_word' id='word_1_133' title='bbox 761 1855 917 1931; x_wconf 80' lang='lat' dir='ltr'>iucundas</span> <span class='ocrx_word' id='word_1_134' title='bbox 937 1877 955 1921; x_wconf 91' lang='lat' dir='ltr'>a</span> <span class='ocrx_word' id='word_1_135' title='bbox 971 1879 1046 1922; x_wconf 88' lang='lat' dir='ltr'>mo·</span> 
     </span>
    </p>

    <p class='ocr_par' dir='ltr' id='par_1_4' title="bbox 183 1936 1038 2011">
     <span class='ocr_line' id='line_1_19' title="bbox 183 1936 1038 2011; baseline 0.001 -7"><span class='ocrx_word' id='word_1_136' title='bbox 183 1936 185 1942; x_wconf 75' lang='grc'><strong>’</strong></span> <span class='ocrx_word' id='word_1_137' title='bbox 206 1941 372 2005; x_wconf 83' lang='lat' dir='ltr'>lellillimis</span> <span class='ocrx_word' id='word_1_138' title='bbox 395 1938 478 2005; x_wconf 86' lang='lat' dir='ltr'>hisce</span> <span class='ocrx_word' id='word_1_139' title='bbox 497 1941 582 2004; x_wconf 87' lang='lat' dir='ltr'>cutis</span> <span class='ocrx_word' id='word_1_140' title='bbox 599 1947 628 2011; x_wconf 83' lang='lat' dir='ltr'>Sr</span> <span class='ocrx_word' id='word_1_141' title='bbox 644 1942 925 2009; x_wconf 85' lang='lat' dir='ltr'>sollicitudinibus</span> <span class='ocrx_word' id='word_1_142' title='bbox 935 1943 1038 2008; x_wconf 87' lang='lat' dir='ltr'>animi</span> 
     </span>
    </p>

    <p class='ocr_par' dir='ltr' id='par_1_5' title="bbox 137 2028 1049 2810">
     <span class='ocr_line' id='line_1_20' title="bbox 137 2028 1042 2116; baseline 0.003 -26"><span class='ocrx_word' id='word_1_143' title='bbox 137 2039 139 2047; x_wconf 83' lang='grc'><strong>“</strong></span> <span class='ocrx_word' id='word_1_144' title='bbox 205 2032 406 2103; x_wconf 76' lang='lat' dir='ltr'>aversiones,</span> <span class='ocrx_word' id='word_1_145' title='bbox 429 2047 510 2110; x_wconf 80' lang='lat' dir='ltr'>quas</span> <span class='ocrx_word' id='word_1_146' title='bbox 526 2028 605 2093; x_wconf 89' lang='lat' dir='ltr'>mihi</span> <span class='ocrx_word' id='word_1_147' title='bbox 619 2032 813 2116; x_wconf 81' lang='lat' dir='ltr'>potilbmum</span> <span class='ocrx_word' id='word_1_148' title='bbox 826 2031 975 2115; x_wconf 68' lang='lat' dir='ltr'>preclara</span> <span class='ocrx_word' id='word_1_149' title='bbox 988 2050 1042 2093; x_wconf 85' lang='lat' dir='ltr'>ar·</span> 
     </span>
     <span class='ocr_line' id='line_1_21' title="bbox 206 2115 1045 2204; baseline 0.004 -26"><span class='ocrx_word' id='word_1_150' title='bbox 206 2116 289 2181; x_wconf 90' lang='lat' dir='ltr'>tium</span> <span class='ocrx_word' id='word_1_151' title='bbox 301 2117 501 2199; x_wconf 88' lang='lat' dir='ltr'>optimarum</span> <span class='ocrx_word' id='word_1_152' title='bbox 518 2115 621 2179; x_wconf 80' lang='lat' dir='ltr'>studia</span> <span class='ocrx_word' id='word_1_153' title='bbox 637 2115 869 2204; x_wconf 82' lang='lat' dir='ltr'>suppeditant.</span> <span class='ocrx_word' id='word_1_154' title='bbox 894 2121 938 2181; x_wconf 88' lang='lat' dir='ltr'>Er</span> <span class='ocrx_word' id='word_1_155' title='bbox 952 2120 972 2180; x_wconf 84' lang='lat' dir='ltr'>fi</span> <span class='ocrx_word' id='word_1_156' title='bbox 987 2140 1045 2181; x_wconf 79' lang='lat' dir='ltr'>ve·</span> 
     </span>
     <span class='ocr_line' id='line_1_22' title="bbox 205 2203 1046 2286; baseline -0.004 -18"><span class='ocrx_word' id='word_1_157' title='bbox 205 2225 276 2268; x_wconf 81' lang='lat' dir='ltr'>tum</span> <span class='ocrx_word' id='word_1_158' title='bbox 294 2203 371 2270; x_wconf 83' lang='lat' dir='ltr'>scire</span> <span class='ocrx_word' id='word_1_159' title='bbox 386 2203 437 2266; x_wconf 84' lang='lat' dir='ltr'>vis</span> <span class='ocrx_word' id='word_1_160' title='bbox 447 2224 459 2281; x_wconf 82' lang='lat'><em>3</em></span> <span class='ocrx_word' id='word_1_161' title='bbox 484 2223 544 2286; x_wconf 86' lang='lat' dir='ltr'>ego</span> <span class='ocrx_word' id='word_1_162' title='bbox 556 2223 629 2266; x_wconf 83' lang='grc' dir='ltr'>ιιιιιι</span> <span class='ocrx_word' id='word_1_163' title='bbox 642 2205 787 2268; x_wconf 81' lang='lat' dir='ltr'>viderent</span> <span class='ocrx_word' id='word_1_164' title='bbox 812 2204 969 2270; x_wconf 82' lang='lat' dir='ltr'>multis&amp;</span> <span class='ocrx_word' id='word_1_165' title='bbox 987 2222 1046 2268; x_wconf 83' lang='lat' dir='ltr'>va·</span> 
     </span>
     <span class='ocr_line' id='line_1_23' title="bbox 208 2288 1040 2374; baseline -0.001 -19"><span class='ocrx_word' id='word_1_166' title='bbox 208 2292 266 2355; x_wconf 85' lang='lat' dir='ltr'>riis</span> <span class='ocrx_word' id='word_1_167' title='bbox 278 2288 368 2354; x_wconf 70' lang='lat' dir='ltr'>moll</span> <span class='ocrx_word' id='word_1_168' title='bbox 382 2317 386 2348; x_wconf 88' lang='lat'><strong><em>:</em></strong></span> <span class='ocrx_word' id='word_1_169' title='bbox 408 2308 444 2352; x_wconf 88' lang='lat' dir='ltr'>ae</span> <span class='ocrx_word' id='word_1_170' title='bbox 457 2290 759 2374; x_wconf 79' lang='lat' dir='ltr'>impugnationibus</span> <span class='ocrx_word' id='word_1_171' title='bbox 775 2290 1040 2354; x_wconf 67' lang='lat' dir='ltr'>labefactantem</span> 
     </span>
     <span class='ocr_line' id='line_1_24' title="bbox 203 2378 1042 2460; baseline -0.005 -20"><span class='ocrx_word' id='word_1_172' title='bbox 203 2378 461 2460; x_wconf 78' lang='lat' dir='ltr'>religionemque</span> <span class='ocrx_word' id='word_1_173' title='bbox 481 2378 695 2441; x_wconf 79' lang='lat' dir='ltr'>Christianam</span> <span class='ocrx_word' id='word_1_174' title='bbox 723 2422 738 2453; x_wconf 80' lang='lat'><strong>,</strong></span> <span class='ocrx_word' id='word_1_175' title='bbox 766 2378 947 2460; x_wconf 86' lang='lat' dir='ltr'>habereque</span> <span class='ocrx_word' id='word_1_176' title='bbox 971 2395 1042 2438; x_wconf 85' lang='lat' dir='ltr'>eam</span> 
     </span>
     <span class='ocr_line' id='line_1_25' title="bbox 204 2461 1042 2547; baseline -0.005 -20"><span class='ocrx_word' id='word_1_177' title='bbox 204 2466 316 2547; x_wconf 60' lang='lat' dir='ltr'>nolles</span> <span class='ocrx_word' id='word_1_178' title='bbox 326 2469 354 2531; x_wconf 75' lang='lat' dir='ltr'>a</span> <span class='ocrx_word' id='word_1_179' title='bbox 365 2462 557 2531; x_wconf 76' lang='lat' dir='ltr'>externos&amp;</span> <span class='ocrx_word' id='word_1_180' title='bbox 571 2463 786 2539; x_wconf 73' lang='lat' dir='ltr'>domesticos,</span> <span class='ocrx_word' id='word_1_181' title='bbox 799 2464 855 2547; x_wconf 90' lang='lat' dir='ltr'>qui</span> <span class='ocrx_word' id='word_1_182' title='bbox 867 2469 928 2529; x_wconf 86' lang='lat' dir='ltr'>hoc</span> <span class='ocrx_word' id='word_1_183' title='bbox 941 2461 1042 2528; x_wconf 88' lang='lat' dir='ltr'>etiam</span> 
     </span>
     <span class='ocr_line' id='line_1_26' title="bbox 203 2549 1048 2636; baseline -0.002 -23"><span class='ocrx_word' id='word_1_184' title='bbox 203 2552 383 2616; x_wconf 75' lang='lat' dir='ltr'>deteriores</span> <span class='ocrx_word' id='word_1_185' title='bbox 395 2549 699 2636; x_wconf 80' lang='lat' dir='ltr'>perniciosiorefque</span> <span class='ocrx_word' id='word_1_186' title='bbox 711 2553 874 2626; x_wconf 83' lang='lat' dir='ltr'>existunt,</span> <span class='ocrx_word' id='word_1_187' title='bbox 888 2552 978 2636; x_wconf 87' lang='lat' dir='ltr'>quod</span> <span class='ocrx_word' id='word_1_188' title='bbox 992 2550 1001 2612; x_wconf 92' lang='lat' dir='ltr'>i</span> <span class='ocrx_word' id='word_1_189' title='bbox 1012 2549 1048 2610; x_wconf 88' lang='lat' dir='ltr'>l·</span> 
     </span>
     <span class='ocr_line' id='line_1_27' title="bbox 208 2637 1048 2722; baseline -0.005 -20"><span class='ocrx_word' id='word_1_190' title='bbox 208 2639 233 2702; x_wconf 92' lang='lat' dir='ltr'>li</span> <span class='ocrx_word' id='word_1_191' title='bbox 251 2639 374 2707; x_wconf 71' lang='lat' dir='ltr'>externi</span> <span class='ocrx_word' id='word_1_192' title='bbox 391 2641 548 2703; x_wconf 73' lang='lat' dir='ltr'>bonanae</span> <span class='ocrx_word' id='word_1_193' title='bbox 568 2653 692 2704; x_wconf 87' lang='lat' dir='ltr'>terrena</span> <span class='ocrx_word' id='word_1_194' title='bbox 715 2637 768 2704; x_wconf 90' lang='lat' dir='ltr'>sua</span> <span class='ocrx_word' id='word_1_195' title='bbox 783 2637 896 2722; x_wconf 88' lang='lat' dir='ltr'>sponte</span> <span class='ocrx_word' id='word_1_196' title='bbox 919 2638 1048 2701; x_wconf 81' lang='lat' dir='ltr'>caduca</span> 
     </span>
     <span class='ocr_line' id='line_1_28' title="bbox 204 2724 1049 2810; baseline -0.007 -19"><span class='ocrx_word' id='word_1_197' title='bbox 204 2725 262 2810; x_wconf 85' lang='lat' dir='ltr'>&#39;per</span> <span class='ocrx_word' id='word_1_198' title='bbox 277 2727 372 2810; x_wconf 85' lang='lat' dir='ltr'>l&#39;eque</span> <span class='ocrx_word' id='word_1_199' title='bbox 389 2726 562 2790; x_wconf 83' lang='lat' dir='ltr'>interitura</span> <span class='ocrx_word' id='word_1_200' title='bbox 578 2769 592 2800; x_wconf 80' lang='lat'><strong>,</strong></span> <span class='ocrx_word' id='word_1_201' title='bbox 613 2725 707 2789; x_wconf 88' lang='lat' dir='ltr'>nobis</span> <span class='ocrx_word' id='word_1_202' title='bbox 732 2724 876 2809; x_wconf 83' lang='lat' dir='ltr'>eripiunt</span> <span class='ocrx_word' id='word_1_203' title='bbox 887 2746 902 2800; x_wconf 68' lang='grc' dir='ltr'><strong><em>ς</em></strong></span> <span class='ocrx_word' id='word_1_204' title='bbox 922 2724 956 2788; x_wconf 89' lang='lat' dir='ltr'>hi</span> <span class='ocrx_word' id='word_1_205' title='bbox 970 2742 1049 2787; x_wconf 69' lang='grc' dir='ltr'>ιω-</span> 
     </span>
    </p>

    <p class='ocr_par' dir='ltr' id='par_1_6' title="bbox 185 2811 1053 3161">
     <span class='ocr_line' id='line_1_29' title="bbox 185 2811 1053 2898; baseline -0.001 -26"><span class='ocrx_word' id='word_1_206' title='bbox 185 2876 186 2881; x_wconf 55' lang='grc'>,</span> <span class='ocrx_word' id='word_1_207' title='bbox 206 2813 277 2878; x_wconf 83' lang='lat' dir='ltr'>lum</span> <span class='ocrx_word' id='word_1_208' title='bbox 294 2820 323 2881; x_wconf 70' lang='grc' dir='ltr'><strong>ἃ</strong></span> <span class='ocrx_word' id='word_1_209' title='bbox 339 2812 476 2898; x_wconf 83' lang='lat' dir='ltr'>patriani</span> <span class='ocrx_word' id='word_1_210' title='bbox 497 2813 591 2877; x_wconf 91' lang='lat' dir='ltr'>illam</span> <span class='ocrx_word' id='word_1_211' title='bbox 605 2814 733 2877; x_wconf 85' lang='lat' dir='ltr'>beatam</span> <span class='ocrx_word' id='word_1_212' title='bbox 755 2826 854 2896; x_wconf 83' lang='lat' dir='ltr'>alque</span> <span class='ocrx_word' id='word_1_213' title='bbox 878 2811 1053 2893; x_wconf 79' lang='lat' dir='ltr'>sempiter-</span> 
     </span>
     <span class='ocr_line' id='line_1_30' title="bbox 206 2896 1050 2985; baseline -0.007 -21"><span class='ocrx_word' id='word_1_214' title='bbox 206 2919 280 2964; x_wconf 90' lang='lat' dir='ltr'>nam</span> <span class='ocrx_word' id='word_1_215' title='bbox 301 2913 457 2965; x_wconf 82' lang='lat' dir='ltr'>conantur</span> <span class='ocrx_word' id='word_1_216' title='bbox 481 2900 628 2985; x_wconf 83' lang='lat' dir='ltr'>eripere:</span> <span class='ocrx_word' id='word_1_217' title='bbox 654 2918 723 2982; x_wconf 82' lang='lat' dir='ltr'>qua</span> <span class='ocrx_word' id='word_1_218' title='bbox 742 2901 793 2963; x_wconf 84' lang='lat' dir='ltr'>&#39;ad</span> <span class='ocrx_word' id='word_1_219' title='bbox 814 2899 882 2961; x_wconf 85' lang='lat' dir='ltr'>vim</span> <span class='ocrx_word' id='word_1_220' title='bbox 897 2896 1050 2960; x_wconf 86' lang='lat' dir='ltr'>hostilem</span> 
     </span>
     <span class='ocr_line' id='line_1_31' title="bbox 207 2983 1048 3074; baseline -0.011 -22"><span class='ocrx_word' id='word_1_221' title='bbox 207 2987 409 3074; x_wconf 84' lang='lat' dir='ltr'>reprimenda</span> <span class='ocrx_word' id='word_1_222' title='bbox 423 2987 539 3052; x_wconf 86' lang='lat' dir='ltr'>idonea</span> <span class='ocrx_word' id='word_1_223' title='bbox 556 2984 628 3051; x_wconf 87' lang='lat' dir='ltr'>suut</span> <span class='ocrx_word' id='word_1_224' title='bbox 642 3004 730 3052; x_wconf 83' lang='lat' dir='ltr'>arma</span> <span class='ocrx_word' id='word_1_225' title='bbox 747 3000 816 3070; x_wconf 86' lang='lat' dir='ltr'>atq.</span> <span class='ocrx_word' id='word_1_226' title='bbox 832 2983 990 3056; x_wconf 80' lang='lat' dir='ltr'>consilia,</span> <span class='ocrx_word' id='word_1_227' title='bbox 1009 3000 1048 3043; x_wconf 82' lang='lat' dir='ltr'>ea</span> 
     </span>
     <span class='ocr_line' id='line_1_32' title="bbox 206 3066 1048 3161; baseline -0.006 -26"><span class='ocrx_word' id='word_1_228' title='bbox 206 3074 407 3161; x_wconf 77' lang='lat' dir='ltr'>principibus</span> <span class='ocrx_word' id='word_1_229' title='bbox 423 3080 561 3138; x_wconf 84' lang='lat' dir='ltr'>terrenis</span> <span class='ocrx_word' id='word_1_230' title='bbox 572 3093 590 3136; x_wconf 87' lang='lat' dir='ltr'>a</span> <span class='ocrx_word' id='word_1_231' title='bbox 602 3075 673 3136; x_wconf 87' lang='lat' dir='ltr'>Deo</span> <span class='ocrx_word' id='word_1_232' title='bbox 684 3075 831 3158; x_wconf 81' lang='lat' dir='ltr'>permilla</span> <span class='ocrx_word' id='word_1_233' title='bbox 845 3070 939 3142; x_wconf 90' lang='lat' dir='ltr'>suot,</span> <span class='ocrx_word' id='word_1_234' title='bbox 955 3070 977 3131; x_wconf 87' lang='lat' dir='ltr'>st</span> <span class='ocrx_word' id='word_1_235' title='bbox 994 3066 1048 3130; x_wconf 89' lang='lat' dir='ltr'>illi</span> 
     </span>
    </p>

    <p class='ocr_par' dir='ltr' id='par_1_7' title="bbox 138 3157 1153 3505">
     <span class='ocr_line' id='line_1_33' title="bbox 138 3157 1049 3247; baseline -0.012 -21"><span class='ocrx_word' id='word_1_236' title='bbox 138 3184 144 3190; x_wconf 91' lang='lat'><em>·</em></span> <span class='ocrx_word' id='word_1_237' title='bbox 169 3241 172 3247; x_wconf 15' lang='grc' dir='ltr'><strong>Δ</strong></span> <span class='ocrx_word' id='word_1_238' title='bbox 207 3163 588 3229; x_wconf 77' lang='lat' dir='ltr'>metum&amp;voluntatern</span> <span class='ocrx_word' id='word_1_239' title='bbox 600 3160 725 3222; x_wconf 87' lang='lat' dir='ltr'>Summi</span> <span class='ocrx_word' id='word_1_240' title='bbox 740 3157 979 3247; x_wconf 78' lang='lat' dir='ltr'>Deivoluerint</span> <span class='ocrx_word' id='word_1_241' title='bbox 992 3167 1049 3216; x_wconf 81' lang='lat' dir='ltr'>at·</span> 
     </span>
     <span class='ocr_line' id='line_1_34' title="bbox 207 3242 1049 3332; baseline -0.013 -19"><span class='ocrx_word' id='word_1_242' title='bbox 207 3249 362 3328; x_wconf 65' lang='lat' dir='ltr'>tendere}</span> <span class='ocrx_word' id='word_1_243' title='bbox 388 3250 507 3332; x_wconf 86' lang='lat' dir='ltr'>quibua</span> <span class='ocrx_word' id='word_1_244' title='bbox 524 3250 598 3312; x_wconf 85' lang='lat' dir='ltr'>verb</span> <span class='ocrx_word' id='word_1_245' title='bbox 623 3266 726 3331; x_wconf 79' lang='lat' dir='ltr'>prava</span> <span class='ocrx_word' id='word_1_246' title='bbox 756 3243 943 3332; x_wconf 69' lang='lat' dir='ltr'>hujusmodi</span> <span class='ocrx_word' id='word_1_247' title='bbox 971 3242 1049 3326; x_wconf 83' lang='lat' dir='ltr'>opl-</span> 
     </span>
     <span class='ocr_line' id='line_1_35' title="bbox 205 3334 1053 3417; baseline -0.005 -17"><span class='ocrx_word' id='word_1_248' title='bbox 205 3339 319 3400; x_wconf 81' lang='lat' dir='ltr'>aiones</span> <span class='ocrx_word' id='word_1_249' title='bbox 336 3382 346 3410; x_wconf 89' lang='lat'>‚</span> <span class='ocrx_word' id='word_1_250' title='bbox 368 3357 437 3417; x_wconf 83' lang='lat' dir='ltr'>quae</span> <span class='ocrx_word' id='word_1_251' title='bbox 461 3337 493 3398; x_wconf 90' lang='lat' dir='ltr'>in</span> <span class='ocrx_word' id='word_1_252' title='bbox 509 3334 628 3400; x_wconf 81' lang='lat' dir='ltr'>Christi</span> <span class='ocrx_word' id='word_1_253' title='bbox 643 3334 737 3398; x_wconf 80' lang='lat' dir='ltr'>fi&#39;dem</span> <span class='ocrx_word' id='word_1_254' title='bbox 754 3336 970 3414; x_wconf 76' lang='lat' dir='ltr'>verantque&amp;</span> <span class='ocrx_word' id='word_1_255' title='bbox 986 3349 1053 3410; x_wconf 75' lang='lat' dir='ltr'>pu·</span> 
     </span>
     <span class='ocr_line' id='line_1_36' title="bbox 207 3413 1153 3505; baseline -0.002 -21"><span class='ocrx_word' id='word_1_256' title='bbox 207 3442 275 3485; x_wconf 85' lang='lat' dir='ltr'>ram</span> <span class='ocrx_word' id='word_1_257' title='bbox 292 3422 354 3485; x_wconf 85' lang='lat' dir='ltr'>Dei</span> <span class='ocrx_word' id='word_1_258' title='bbox 368 3423 584 3505; x_wconf 67' lang='lat' dir='ltr'>religionem</span> <span class='ocrx_word' id='word_1_259' title='bbox 607 3440 723 3505; x_wconf 87' lang='lat' dir='ltr'>magno</span> <span class='ocrx_word' id='word_1_260' title='bbox 738 3443 811 3484; x_wconf 84' lang='lat' dir='ltr'>eum</span> <span class='ocrx_word' id='word_1_261' title='bbox 832 3420 978 3486; x_wconf 88' lang='lat' dir='ltr'>omnium</span> <span class='ocrx_word' id='word_1_262' title='bbox 995 3413 1049 3500; x_wconf 87' lang='lat' dir='ltr'>l&#39;a·</span> <span class='ocrx_word' id='word_1_263' title='bbox 1148 3471 1153 3482; x_wconf 80' lang='grc'><strong><em>.</em></strong></span> 
     </span>
    </p>

    <p class='ocr_par' dir='ltr' id='par_1_8' title="bbox 191 3505 1079 3677">
     <span class='ocr_line' id='line_1_37' title="bbox 191 3505 1079 3658; baseline 0.002 -86"><span class='ocrx_word' id='word_1_264' title='bbox 191 3506 194 3511; x_wconf 81' lang='grc'>’</span> <span class='ocrx_word' id='word_1_265' title='bbox 209 3509 289 3599; x_wconf 88' lang='lat' dir='ltr'>lutis</span> <span class='ocrx_word' id='word_1_266' title='bbox 305 3511 469 3596; x_wconf 82' lang='lat' dir='ltr'>beateque</span> <span class='ocrx_word' id='word_1_267' title='bbox 484 3509 560 3577; x_wconf 79' lang='lat' dir='ltr'>vitre</span> <span class='ocrx_word' id='word_1_268' title='bbox 574 3507 761 3658; x_wconf 53' lang='lat' dir='ltr'>amittep’de</span> <span class='ocrx_word' id='word_1_269' title='bbox 785 3505 933 3595; x_wconf 82' lang='lat' dir='ltr'>periculo</span> <span class='ocrx_word' id='word_1_270' title='bbox 945 3536 962 3580; x_wconf 82' lang='lat'>‚·</span> <span class='ocrx_word' id='word_1_271' title='bbox 980 3520 1053 3651; x_wconf 57' lang='lat' dir='ltr'>app</span> <span class='ocrx_word' id='word_1_272' title='bbox 1076 3566 1079 3574; x_wconf 94' lang='lat'>.</span> 
     </span>
     <span class='ocr_line' id='line_1_38' title="bbox 211 3606 1066 3677; baseline 0 -55"><span class='ocrx_word' id='word_1_273' title='bbox 211 3614 227 3645; x_wconf 52' lang='lat'>4</span> <span class='ocrx_word' id='word_1_274' title='bbox 742 3615 758 3677; x_wconf 64' lang='lat'><em>5</em></span> <span class='ocrx_word' id='word_1_275' title='bbox 1019 3606 1066 3666; x_wconf 55' lang='lat'>¹⁸*</span> 
     </span>
    </p>
   </div>
   <div class='ocr_carea' id='block_1_2' title="bbox 0 0 1279 4342">
    <p class='ocr_par' dir='ltr' id='par_1_9' title="bbox 0 0 1279 4342">
     <span class='ocr_line' id='line_1_39' title="bbox 0 0 1279 4342; baseline 0 0"><span class='ocrx_word' id='word_1_276' title='bbox 0 0 1279 4342; x_wconf 95' lang='lat' dir='ltr'> </span> 
     </span>
    </p>
   </div>
  </div>
 </body>
</html>
