2534 4342
285 399 350 481 '382
422 390 656 479 incon!
692 387 982 457 sobolum
1082 420 1084 424 ·

283 479 523 573 paeteritorum
539 498 723 568 temporum
740 479 923 549 rationem,
951 473 1140 546 &samoni

282 592 358 639 meo
373 569 605 655 benignitatem
618 578 709 632 tuam
721 567 1026 654 accommodaaEgo
1047 566 1136 633 olim

284 659 533 724 honestissimum
551 659 658 721 lucum
673 659 760 743 apud
777 660 966 721 Summmoe
989 657 1139 721 Pontifi-

281 767 334 814 eeu
346 749 485 811 Leonem
500 750 528 813 be
543 745 748 811 Clementem
762 742 913 808 obtinens
926 751 994 832 (ut
1006 758 1040 806 te
1055 742 1138 810 seire

282 835 446 917 arbitror)
460 853 533 897 eum
549 851 684 918 magnos
695 851 737 900 ex
752 831 845 896 illius
860 831 1066 896 authoritate
1083 830 1137 895 lu·

281 923 332 997 ei,
345 922 429 985 boue
443 924 472 987 u
487 921 603 984 ulutatu
617 920 746 986 ratione
759 964 770 994 ,
783 920 920 1006 questus
936 922 1039 985 faeere
1052 917 1137 1005 pol-

278 1009 344 1075 sem
362 1051 372 1082 ‚
394 1008 479 1074 &ed
496 1028 575 1095 opes
597 1006 693 1073 facile
708 1004 909 1090 divitiasque
936 1007 1134 1096 pervenire,

278 1095 421 1161 abstinui
435 1112 564 1159 tument
588 1113 692 1178 neque
708 1117 758 1160 me
774 1095 917 1160 studium
937 1113 1135 1161 coacervan-

279 1187 327 1248 dae
343 1184 484 1272 pecunie
497 1184 602 1246 ullum
617 1202 761 1266 unquam
775 1184 903 1257 tenuit,
931 1181 986 1248 sed
1007 1183 1137 1267 gratui-

281 1288 351 1339 tam
365 1270 518 1335 omnibue
532 1287 599 1336 tam
612 1274 742 1337 urbanis
757 1314 766 1345 ‚
781 1289 879 1353 quam
892 1270 1043 1343 aduenis,
1053 1293 1136 1356 ope·

282 1378 351 1424 eam
370 1378 474 1422 meam
489 1377 525 1424 ac
538 1358 744 1446 diligentiam
757 1360 871 1424 allidue
898 1360 1043 1446 praebuit
1063 1358 1135 1424 *Po-

280 1448 346 1511 stea
360 1448 432 1511 voti
443 1445 536 1512 eausa
551 1447 592 1510 ad
607 1449 825 1516 Lauretanum
839 1446 969 1513 Divino
984 1445 1134 1529 Virginis

281 1535 443 1621 tempium
456 1530 709 1620 profetluenum'
724 1536 839 1603 absent
850 1553 867 1598 a
880 1536 985 1599 Leone
1002 1533 1135 1617 Episco-

284 1643 346 1709 pus
362 1624 595 1708 pronuntiatae
609 1624 704 1688 ellem
721 1667 732 1699 ,
745 1638 783 1688 ut
803 1621 947 1708 primum
960 1621 991 1686 iu
1006 1622 1131 1686 Urbem

281 1711 392 1785 tedii,
413 1731 495 1773 onus
512 1709 628 1773 illude
644 1730 695 1774 me
710 1712 821 1796 quoad
832 1709 926 1795 potui
941 1754 952 1784 ,
976 1724 1132 1775 excutere

278 1811 417 1861 conatus
439 1795 529 1861 lum.
555 1801 629 1861 Nou
654 1796 738 1862 euim
769 1796 958 1877 huiusmodi
985 1799 1133 1862 bonores

279 1903 371 1949 meus
388 1904 458 1948 mea
472 1904 614 1968 uuquam
631 1885 835 1970 appetierat,
853 1885 1056 1969 liberamque
1071 1904 1134 1968 ego

280 1971 384 2036 vitam
410 1973 515 2058 magio
539 1971 721 2055 sequebar.
747 1979 857 2058 Atque
883 1977 997 2039 hatum
1022 1993 1161 2039 rerum.

281 2062 480 2144 greviffimou
519 2060 789 2146 amplillimosque
822 2056 966 2147 collegae
1004 2059 1134 2125 nostroe

279 2147 477 2227 Saluianum,
491 2149 729 2234 Rodulpbunu,
751 2150 934 2225 Gaddum,
956 2150 1053 2213 telles
1071 2147 1135 2212 tibi

280 2237 446 2310 exhibeo,
469 2241 500 2304 ἃ
525 2237 547 2299 sa
570 2238 627 2319 qui
647 2237 704 2301 alii
721 2237 822 2313 suut,
843 2236 964 2320 quibus
992 2235 1132 2300 illorum

283 2337 470 2410 temporum
483 2344 534 2388 ree
545 2329 718 2399 aetenum
734 2324 834 2391 fuerit
847 2322 1050 2408 coguosceee.
1067 2325 1136 2390 1³0-

283 2412 348 2476 llea
362 2415 469 2476 Leone
485 2427 616 2476 mortuo
631 2456 642 2486 ,
666 2413 698 2476 in
721 2433 825 2478 meam
851 2414 933 2477 bane
945 2412 1134 2497 Carpento-

282 2497 457 2563 ratleusem
482 2500 653 2563 Ecclesiam
685 2501 882 2572 adueniens,
911 2499 1133 2586 eupidiffimue

282 2586 316 2651 in
332 2607 368 2652 ea
385 2601 542 2674 perpetuo
566 2587 743 2660 manendi,
769 2589 855 2652 latio
878 2589 1033 2653 Pontifiee
1052 2584 1133 2652 Cle·

282 2674 514 2752 mentenaeim
529 2677 570 2738 ab
588 2674 652 2739 illo
664 2690 820 2742 evocatus
836 2674 930 2741 sum.
955 2674 1019 2741 Cui
1037 2673 1132 2760 upti-

272 2782 337 2843 ‘me
362 2776 456 2830 autea
481 2764 521 2828 ele
546 2784 596 2828 me
621 2763 776 2842 metito,
812 2765 907 2830 iidem
931 2781 1131 2850 operamque

282 2870 389 2916 meam
413 2871 526 2937 negare
545 2872 609 2917 oon
629 2853 745 2938 potui.
777 2855 845 2918 lloc
873 2872 947 2917 cum
969 2864 1131 2916 eutameu

282 2942 425 3024 paetus,
450 2955 487 3004 ut
499 2958 632 3025 opernm
649 2940 701 3005 illi
716 2960 820 3007 meam
839 2937 1015 3005 triennium
1029 2956 1132 3015 ouve-

281 3046 374 3091 reme
397 3031 487 3112 quod
513 3027 678 3112 reliquum
694 3028 769 3094 vite
794 3044 925 3115 tempus
939 3069 950 3101 ‚
973 3046 1038 3092 nou
1062 3030 1129 3104 iam

282 3117 471 3182 homiuibus
482 3161 491 3192 ‚
504 3114 559 3182 sed
571 3119 625 3182 uni
637 3120 713 3183 Deo
724 3117 756 3182 io
772 3118 915 3182 Ecclesia
928 3135 1004 3181 mee
1017 3115 1130 3178 cullu-

282 3202 338 3266 dia
360 3206 506 3272 tribuere
530 3205 735 3270 statuissem.
759 3206 861 3294 Quod
886 3204 967 3280 ille,
993 3215 1031 3269 ut
1057 3215 1130 3266 erat

278 3307 395 3358 natura
411 3296 516 3361 bunut
530 3299 558 3362 n
574 3295 655 3359 mihi
675 3293 847 3382 pollicitus
864 3293 933 3371 ell3
958 3296 986 3359 ἃ
1005 3289 1130 3377 prulli-
1179 3336 1183 3341 -

281 3379 352 3446 tit.
379 3383 482 3448 Roma
508 3384 608 3470 igitur
633 3382 797 3471 profestos
824 3426 837 3460 ‚
867 3379 987 3468 uiginti
1013 3380 1130 3444 diebus

283 3469 361 3555 ipsus
374 3487 550 3556 autequam
567 3473 644 3538 urba
659 3488 849 3557 caperetur,
867 3490 908 3536 eu
922 3468 1130 3539 auimo'Gar·

281 3563 469 3643 pentoratte
483 3559 621 3637 eedii2ut
635 3560 706 3628 heie
720 3557 1006 3646 domiciliumneu
1018 3553 1127 3625 solum

564 3680 603 3707 en„
1050 3661 1127 3709 ‘0¹⁸
