2534 4342
342 367 567 443 Erlsrotla‘
588 367 878 448 trutinata,
993 379 1058 462 '385

210 462 336 547 giratur
350 487 405 529 uec
422 461 683 529 sacerdotiorum
695 477 812 548 aucepe
829 461 888 526 ess'e
904 461 1051 533 atriorum

211 551 328 616 induxi
341 575 353 630 ς
379 551 431 616 sed
455 551 577 634 semper
606 547 660 614 hia
689 547 735 610 fui
759 560 961 623 contuntur,
985 570 1057 635 quea

211 637 318 703 aliena
342 640 475 725 sponte,
499 657 562 700 uon
579 656 654 698 meo
678 635 829 721 flagitato
846 638 956 704 deiata
974 642 1057 708 mihi

208 725 361 790 fuerunt.
386 729 517 791 Summa
541 729 605 787 hac
630 725 674 785 est
699 767 710 798 ,
735 745 808 788 eum
833 745 944 790 omuee
978 749 1059 797 mee

207 811 383 878 facuitatea
407 819 435 881 Sr
452 817 587 877 fortuna
604 825 717 875 teuuee
734 810 808 896 ipfae
821 836 876 898 per
891 810 958 877 sese
973 857 983 888 ,
1000 819 1056 886 ae'ri

208 901 307 963 etiam
323 902 430 966 aiieuo
446 899 622 982 multisque
636 897 713 961 aliis
732 902 887 965 oneribus
902 903 963 964 hoc
978 906 1057 986 qui.

209 989 283 1053 dem
301 1004 449 1076 tempore
463 989 627 1074 impedito
650 986 734 1061 suat,
757 1009 882 1074 egoque
898 1005 1054 1073 preterea

207 1081 270 1142 &a
297 1077 430 1163 peruuia
454 1084 483 1147 ἃ
509 1079 549 1140 ab
566 1073 657 1140 omui
686 1074 814 1140 iriueria
839 1077 1058 1146 instrumento

207 1164 388 1250 imparatae
411 1167 468 1228 srm
494 1181 593 1248 arque
609 1163 717 1226 nudus
734 1183 746 1240 ς
763 1165 857 1228 nullo
876 1165 976 1228 modo
991 1171 1053 1232 ho·

211 1253 297 1318 nesti
315 1275 364 1317 me
380 1255 465 1336 poiie
487 1254 529 1316 de
542 1271 615 1314 meo
629 1251 771 1314 adventu
796 1255 836 1315 ad
857 1253 976 1315 Urbem
995 1276 1056 1319 eo.

211 1341 339 1424 gitare.
361 1342 465 1430 Quod
482 1343 504 1402 sr
519 1341 631 1421 aliqua
646 1338 678 1400 iu
695 1341 757 1402 hoc
784 1353 877 1404 motu
894 1358 999 1403 rerum
1023 1347 1055 1412 ἀ

210 1430 435 1513 expeiiatiooe
460 1425 669 1513 propinqui(
688 1439 725 1487 ut
746 1426 894 1491 homiues
916 1426 1065 1514 ferunt)

206 1515 362 1593 concilii,
379 1535 477 1598 opera
501 1532 572 1578 mea
600 1512 778 1597 requiritur
801 1557 812 1587 ‚
835 1523 1053 1602 (quanquam

210 1624 271 1686 ego
285 1603 317 1666 io
332 1617 427 1670 tauto
441 1620 529 1666 coetu
555 1599 854 1686 sapientissimoruan
865 1609 897 1670 ἃ
912 1602 1053 1670 (ἰοέὶῑιῑῑ.

217 1711 345 1755 morum
372 1709 501 1777 patrum
517 1690 647 1752 infimus
667 1689 735 1754 sum
750 1691 897 1754 omnium
913 1694 931 1772 )
945 1707 1057 1759 ramere

213 1781 240 1843 a
259 1800 313 1864 per
327 1777 567 1864 amplissimum
580 1774 788 1842 Cardiualern
801 1779 982 1844 Faroefium
996 1800 1057 1844 au.

209 1882 261 1928 rea
279 1869 428 1932 Pontifici
453 1866 611 1941 maximo,
627 1873 655 1933 ἃ
669 1867 776 1927 denuo
795 1887 851 1951 per
874 1888 961 1931 meas
976 1868 1058 1932 lite·

205 1971 260 2015 raa
279 1972 431 2038 paratum
446 1976 497 2016 rue
511 1956 571 2016 effe
584 1952 730 2025 ostendi,
752 1953 793 2014 ad
809 1953 982 2019 couciiiuur
999 1957 1053 2040 ip.

207 2038 278 2104 sum
293 2050 311 2132 (
327 2046 348 2106 sr
364 2046 392 2108 ei
407 2044 585 2123 videatur)
609 2042 678 2116 ire,
702 2039 801 2102 etiam
817 2041 949 2124 privato
977 2063 1053 2105 meo

208 2134 369 2204 nomine,
394 2133 417 2193 fi
445 2131 491 2192 ita
511 2126 616 2211 magia
643 2124 826 2213 placuerita
851 2145 952 2211 eaque
980 2127 1053 2204 ibi,

209 2236 369 2298 quantum
395 2237 464 2279 mea
478 2216 603 2278 infirma
617 2218 646 2282 ἃ
658 2212 769 2280 tenuia
787 2217 973 2279 authoritas
987 2234 1048 2299 pa.

207 2307 333 2383 rietur,
358 2305 462 2368 officia
483 2308 511 2369 u
529 2302 633 2364 studia
651 2305 768 2368 santae
784 2302 975 2387 Apostoiirae
991 2307 1054 2368 See

209 2392 267 2468 di,
293 2399 320 2458 ἃ
346 2392 475 2457 summo
499 2392 556 2477 ipsu
582 2389 732 2453 Pontifici
745 2389 987 2474 prestiturum,
1012 2405 1056 2456 ut

206 2499 278 2541 mea
292 2486 319 2545 u
335 2479 459 2564 integra
474 2482 501 2544 ἃ
514 2494 604 2563 grata
624 2478 660 2560 iu¹
675 2482 744 2556 eiue
760 2476 964 2546 sanctitatem
980 2499 1053 2542 ma·

205 2569 296 2631 xime
317 2583 405 2632 extet
425 2569 601 2631 voluntas.
624 2565 755 2632 Etenim
770 2579 1051 2650 poteroeommo-

210 2655 287 2718 diua
305 2652 365 2718 ιἨὁ
381 2699 391 2728 ,
415 2674 513 2737 quarn
525 2656 565 2716 ad
576 2655 701 2721 „Urbem
716 2653 883 2716 arrodere.
912 2657 1051 2738 Propte-

205 2744 360 2824 reaquod
378 2763 448 2826 quo
471 2741 504 2804 iu
519 2743 595 2806 urbe
615 2742 720 2803 Roma
740 2739 853 2803 ordini
865 2740 972 2804 nostro
996 2741 1050 2805 io·

208 2831 327 2891 decora
352 2830 449 2904 suut,
476 2828 547 2894 illie
578 2826 717 2892 arbitror
743 2825 810 2889 fore
834 2827 1010 2891 honorifica
1036 2871 1049 2904 ‚

205 2918 399 2981 tenuitatem
425 2959 436 2991 ‚
460 2917 684 3002 frugalitatem
708 2956 718 2988 ,
742 2913 903 2978 comitum
934 2913 1070 3002 pauci-1

191 2999 338 3079 ἰιιειιι,
361 3009 389 3072 u
413 3005 559 3068 omnium
575 3023 683 3066 rerum
713 3002 868 3067 humilem
894 2999 1050 3067 summis·

205 3088 338 3173 samque
368 3090 587 3155 modestiam·
626 3088 733 3152 Habea
758 3088 883 3153 causam
917 3109 1048 3166 meam,

205 3197 303 3260 quarn
328 3195 433 3244 totam
466 3192 528 3242 tue
553 3177 651 3248 fidei,
688 3176 832 3247 virtuti,
856 3179 1047 3242 humanita-

206 3265 299 3346 tique
327 3267 522 3329 rommendo
547 3307 556 3325 .
584 3265 636 3328 Tu
665 3263 820 3348 quicquid
845 3263 876 3327 in
902 3288 951 3330 rue
977 3266 1047 3328 stu·

206 3352 276 3425 dii,
292 3353 411 3423 officii,
434 3349 731 3432 benevolentiaque
742 3349 920 3414 contuleris
935 3374 946 3430 3
971 3373 1047 3435 per·

204 3435 340 3502 suadeas
367 3437 427 3501 ribi
455 3440 579 3512 veiim,
607 3453 639 3501 te
666 3441 697 3501 iu
723 3440 887 3502 homiuem
913 3439 1048 3522 gratitii-
1135 3450 1137 3453 ’
1175 3510 1177 3513 v

205 3547 295 3596 aarum
336 3525 440 3589 &tui
470 3525 777 3591 observantissirnum
814 3525 873 3591 ess'e
905 3526 1050 3592 collatu·

307 3615 629 3702 aparutarsrrr.
782 3615 813 3681 R
955 3635 1054 3689 ruore
1109 3620 1111 3624 '
