2534 4342
299 444 525 516 Ehlstoma
549 438 847 514 FAMILIARES.¹
953 451 1000 531 ἶς’-

157 534 238 600 eiset
266 540 323 622 (a)
338 581 349 611 ‚
362 541 482 623 quihus
494 536 619 602 summa
633 558 707 602 curn
721 554 792 598 mea
804 531 975 619 uoluptate
987 580 1001 612 ,-

155 641 220 685 non
249 621 350 689 semel
373 645 476 710 neque
499 626 577 700 bie,
600 623 655 689 sed
680 609 796 711 sapius
823 625 916 686 lettia
928 666 940 697 ‚
959 626 993 690 iu

154 721 299 778 mentem
323 712 405 777 mihi
430 714 521 779 venit
542 713 686 798 cogitare
712 733 723 788 3
748 710 830 796 quid
855 727 892 774 tu
928 712 991 777 tibi

155 795 289 863 taudem
310 797 578 888 appeten'escum
607 797 788 863 muitarum
801 804 865 874 jaun
891 797 995 864 scieu-

154 884 276 959 tiarurn
287 888 562 974 giorialaudeque
576 891 710 955 floreres
726 932 737 962 ,
758 887 998 953 nostranetiaua
1021 910 1023 915 ’

154 984 244 1038 artes
260 976 354 1040 nobis
381 991 527 1062 ereptum
544 975 670 1043 veneris
682 995 698 1044 t
711 975 743 1038 in
761 973 881 1058 quibua
908 994 996 1053 noe,

155 1061 214 1149 qui
236 1077 364 1129 etatem
379 1064 412 1128 in
434 1064 504 1130 illie
532 1061 816 1151 consumpsimus,
840 1061 997 1129 cedantur

155 1157 222 1230 jam
244 1152 417 1217 neceffeest
441 1165 572 1218 tuorum
585 1149 783 1238 scriptorum
808 1152 996 1219 ubertati&

157 1238 348 1321 elegantiae.
373 1241 428 1304 ita
442 1241 530 1310 enim
549 1239 675 1326 scripte
689 1239 864 1305 literatum
888 1238 998 1324 gravi·

156 1326 208 1390 ter'
225 1367 236 1399 ‚
259 1326 305 1392 ita
320 1343 436 1394 ornate
450 1372 460 1403 ‚
474 1330 522 1394 ita
535 1325 668 1414 copiose
683 1327 779 1402 sunt,
801 1342 911 1392 utnon
922 1346 993 1411 qua

158 1414 439 1483 iniurisconsulto
454 1415 532 1491 ‚sed
546 1413 662 1497 quaein
677 1413 804 1479 summo
815 1416 993 1498 requiritur

157 1517 290 1566 oratore
304 1505 398 1588 eopia
411 1501 615 1584 facultasque
627 1501 754 1566 dicendi
766 1543 776 1572 ‚
790 1520 825 1564 ea
837 1501 868 1565 in
879 1518 911 1565 te
923 1520 997 1563 orn·

158 1587 211 1656 nis
222 1591 321 1654 infit.
338 1592 400 1656 Sed
418 1590 562 1677 profeiio
573 1608 687 1653 verum
699 1589 742 1650 est
755 1588 842 1670 quod
854 1588 974 1652 dicitur
983 1628 994 1660 ,

158 1679 220 1762 qui
236 1678 366 1762 egregio
379 1677 509 1760 ingenio
523 1678 558 1740 ht
573 1674 728 1759 preditus
742 1675 868 1739 eumad
883 1695 997 1742 omues

160 1778 250 1826 artes
278 1805 289 1835 ,
327 1765 437 1835 omnia
460 1761 705 1848 disciplinarum
725 1783 839 1848 genera
856 1763 991 1837 faeiient

161 1849 291 1913 aditum
317 1847 556 1934 introitumque
580 1852 717 1917 habere·
743 1851 843 1940 Qrod
858 1852 998 1917 tibido·

159 1938 288 2003 tiiffime
313 1936 477 2002 simoneta
502 1939 731 2026 contigittqui
756 1941 994 2018 cuminterju·

159 2021 374 2090 risconsuitos
385 2027 499 2090 nostra
512 2029 618 2092 atatis
629 2031 766 2094 habeare
778 2029 927 2095 omnium
936 2035 995 2107 iuq

160 2112 248 2176 dicio
260 2110 502 2179 consuitiffirnus
513 2133 524 2178 t
537 2136 601 2180 noa
615 2129 787 2183 contentus
798 2137 860 2181 una
870 2119 990 2192 laude,

163 2199 334 2264 utcateris
352 2223 481 2287 quoque
503 2199 534 2264 in
548 2202 815 2284 literis-ingenuis
828 2206 857 2265 u
875 2205 996 2268 iibera-

160 2287 561 2361 libusemineres,studio
575 2287 638 2351 tibi
650 2287 813 2350 omnieiie
825 2288 1002 2352 elaboran-¹

159 2376 239 2437 ‘tium
254 2374 394 2457 putasti.
415 2377 535 2436 Verum
554 2372 730 2437 mittamus
740 2374 806 2438 hec
829 2419 839 2450 ,
860 2397 930 2459 qua
947 2373 1000 2442 sa·

162 2463 208 2525 tis
226 2461 284 2523 fibi
301 2458 368 2542 ipsa
397 2458 565 2544 perhibent
594 2460 842 2538 testimonium,
871 2477 998 2530 meunt

161 2548 349 2614 testimonio
369 2549 451 2614 nihil
475 2547 678 2634 indigeant.
706 2551 759 2614 Ad
782 2548 874 2616 iiiam
899 2567 999 2619 trram
1038 2580 1040 2585 ·

166 2636 321 2701 eximiam
343 2637 604 2720 prestantemque
617 2638 852 2701 humanitatem
865 2661 999 2707 conaret.

160 2738 237 2788 tor.
260 2724 408 2792 uantum
423 2744 479 2801 ue,
505 2722 639 2806 quaeso,
658 2724 762 2788 amori
781 2739 929 2821 tuoprga
947 2749 1000 2792 me

944 2835 998 2878 rn-

155 3010 252 3080 quattti
265 3026 324 3063 eum
337 3012 435 3066 faceret
454 3015 610 3082 Sadoletus,
624 3016 677 3088 ,qui
693 3015 855 3068 orationem
879 3019 950 3069 sutnr
963 3019 998 3071 it-

159 3087 212 3139 lius
225 3087 340 3140 submisit
360 3087 480 3157 iuditio,
504 3090 529 3142 ἃ
541 3109 597 3162 que
607 3094 637 3144 in
652 3095 727 3148 iilam
743 3095 847 3146 suerunt
870 3110 998 3150 annotate

157 3162 301 3231 diiigenter
316 3168 430 3222 serravit
445 3204 454 3220 .

191 3240 249 3311 «(ε)
268 3246 334 3296 Trea
351 3246 504 3300 cardinales
521 3249 571 3301 hoe
586 3250 791 3304 auaoiontifex
816 3251 914 3321 legetur
929 3273 999 3309 erea-

160 3330 267 3383 uetat,
298 3335 328 3373 ut
347 3323 494 3375 inchoando
520 3329 651 3386 Vieentiae
673 3331 793 3381 eoncilio
813 3332 1000 3401 prziiderent,

160 3397 338 3462 Cempegium
348 3400 504 3468 Episcopum
514 3404 678 3456 Sebiueusem
688 3438 700 3471 ‚
710 3407 873 3459 Simouettm
887 3413 999 3480 Presby.

161 3481 270 3535 terum,
291 3471 315 3522 ἃ
336 3477 526 3546 Hieronymum
551 3482 757 3546 Brundufinunr,
777 3483 844 3536 duris
865 3488 997 3541 adeotii·

163 3548 280 3601 terisdie
299 3567 345 3604 ao.
360 3557 453 3607 Martii
469 3593 477 3608 .
502 3557 602 3627 Quibus
617 3560 722 3625 possea,
746 3574 773 3610 ut
795 3562 908 3616 diximus
921 3567 996 3633 supra

163 3624 195 3676 iu
207 3626 278 3675 notit
289 3628 321 3677 au
333 3630 415 3696 Epist.
427 3636 560 3687 CCXCV·
586 3633 660 3694 huius
674 3650 741 3702 part.
755 3636 910 3706 imperatum
923 3643 958 3697 eh
968 3652 1001 3710 ru

165 3701 202 3761 ab
211 3703 287 3776 ipsun
297 3706 413 3767 concini
421 3710 587 3770 inchoatione
598 3713 787 3786 superfluerent
802 3755 811 3777 .
