2534 4342
194 356 259 411 ear
364 330 567 418 Jncout
605 324 902 396 annotat]

187 426 256 492 iiea
272 422 333 488 fide
356 420 560 504 discrepare,
586 417 666 481 mihi
679 432 755 483 ante
768 418 901 480 nuntiet
912 435 1036 501 „quem

193 503 1043 750 :tttzftffti‘itfn¹';tts¹:¹‘a2i2²:235?

388 639 397 671 ,
1026 629 1043 647 .

196 687 284 761 liue,
325 686 364 749 ed
380 682 481 748 etiam
508 683 610 746 videri
631 720 641 744 .
668 680 832 765 Equidem
851 679 1043 752 leboraui&

111 835 125 858 ,
197 775 338 839 adnixus
351 770 420 836 sum
437 789 450 846 3
465 771 640 854 omniaque
654 763 872 850 circumspexi
887 809 898 841 ,
928 790 965 832 ne
978 771 1044 832 im·

198 861 339 948 prudent
355 859 530 922 inciderem
550 858 581 919 iu
599 856 778 923 sententiar
802 858 1045 940 reprehensrone

198 949 312 1033 dignae
330 988 339 1008 .
361 948 444 1010 Nam
463 945 666 1008 deindustria
684 946 716 1008 in
743 959 799 1006 eae
814 940 976 1008 incurrere
989 962 1043 1028 ptr

200 1056 300 1120 quam
313 1034 451 1116 impium
472 1033 539 1104 ert,
562 1053 665 1116 oeque
688 1033 881 1111 iquoquam
896 1032 976 1093 sruat
992 1053 1043 1096 me

200 1125 317 1189 Deue.
342 1118 481 1184 luscium
496 1134 607 1185 autem
625 1125 655 1187 ἃ
674 1119 869 1185 oscitantem
889 1118 954 1182 labi
978 1118 1043 1181 aii·

196 1208 329 1294 quando
344 1211 372 1273 Sc
388 1209 552 1281 errarent}
570 1210 762 1281 humanum,
778 1205 832 1271 sed
847 1219 957 1269 remen
974 1248 984 1278 ‚
1005 1223 1042 1271 ut

195 1295 367 1360 admonitu
382 1295 613 1359 benevolorum
643 1316 732 1359 error
749 1296 867 1376 statim}
880 1293 1045 1364 tollatur.

197 1387 275 1468 Quo
287 1402 348 1466 rgo
360 1382 488 1443 mrdiuc
500 1382 598 1448 fidius
614 1382 685 1448 sum
697 1382 807 1448 animo
823 1423 832 1454 ,
854 1395 891 1444 ur
905 1384 932 1448 a
947 1383 1044 1447 audi·

197 1487 291 1536 turur
304 1473 364 1534 srm·
376 1467 512 1532 libenter
522 1490 646 1536 errores
659 1488 750 1534 mcor
760 1474 810 1544 ,δι
827 1467 905 1532 iiior
918 1469 1045 1535 studio·

196 1558 229 1625 se
250 1555 481 1622 emendaturue
502 1575 538 1621 ac
561 1561 787 1622 correcturus.
813 1559 849 1622 In
877 1576 968 1640 quo,
997 1559 1046 1622 mi

203 1647 431 1716 lsrdore,tuam
448 1645 480 1706 iu
496 1646 609 1729 primia
621 1665 753 1731 operam
767 1645 1045 1711 benevolentiam·

79 1789 82 1796 ,
204 1754 268 1816 que
290 1731 440 1813 requiro.
461 1733 493 1793 si
506 1752 584 1815 ergo
598 1736 663 1798 eric
675 1734 843 1820 quippiam
859 1733 1047 1810 eiusmodi,

205 1841 255 1884 me
279 1818 521 1899 quamprimum
544 1822 719 1886 certiorem
746 1821 869 1898 facien,
897 1820 1046 1908 reliquos·

205 1904 327 1973 celabit
340 1948 350 1978 ‚
386 1904 487 1970 don'ec
516 1906 577 1969 tibi
602 1908 689 1972 a'mc
714 1908 812 1976 suerit
833 1908 1044 1997 responsum.

204 1994 288 2060 Cam
307 1990 455 2076 reliquos
480 1996 587 2067 dico,
622 2010 701 2059 tuoe
726 1998 863 2062 comiter
894 2001 1049 2084 excipio,

158 2111 162 2120 ·
203 2102 341 2165 quorum
366 2102 426 2165 ego
450 2083 836 2166 permutrunrttronfioo
860 2087 1047 2171 probitati,

204 2175 233 2238 ἃ
246 2171 531 2235 tribuodossrine.
545 2171 720 2234 sinautem
736 2173 818 2236 nihii
831 2172 942 2249 suerit,
952 2176 1042 2257 quod

205 2257 393 2321 Christiana
407 2257 524 2342 pietati
550 2261 588 2320 sat
603 2257 820 2324 adversarium
835 2283 848 2346 ς
877 2280 971 2328 eruat
985 2283 1045 2328 au·

206 2358 273 2410 tem
292 2344 403 2426 alique
420 2386 430 2418 ,
450 2366 519 2428 qua
537 2345 816 2433 disputationibus
836 2352 920 2416 trahi
941 2353 973 2416 in
991 2352 1045 2414 di·

205 2431 331 2499 versam
347 2446 470 2517 partem
493 2434 578 2518 posse
600 2437 796 2514 videantur3
823 2436 865 2499 iit
879 2439 1046 2524 posthabi-

168 2531 174 2544 ¹
205 2520 252 2586 tis
289 2535 387 2600 atque
419 2522 608 2602 uegiesiie,
642 2523 763 2606 librum
787 2528 1046 2592 communicabis

203 2607 397 2694 quibuscum
415 2609 532 2672 roser.
555 2611 640 2674 Nam
660 2626 746 2676 certe
764 2632 813 2675 res
827 2611 894 2695 ipsa
912 2619 941 2680 ἃ
958 2616 1045 2678 veri·

203 2715 255 2763 tar
272 2697 302 2763 se
327 2695 429 2782 ipsam
456 2700 646 2763 tutabitur.
671 2707 738 2761 Aut
761 2701 881 2782 srqatsd
902 2700 1046 2766 'eritfor-

205 2790 309 2858 tasse,
335 2784 426 2868 quod
438 2802 574 2869 nequeat
588 2790 742 2861 defendi,
756 2791 898 2851 rard-itae
913 2790 977 2855 mei
994 2791 1046 2855 in·

204 2875 290 2959 genii
303 2870 506 2938 accusabitur.
520 2917 528 2945 ,
540 2895 602 2940 non
618 2876 650 2937 in
667 2877 774 2938 Deum
795 2879 887 2949 fides,
900 2896 1045 2958 quorum

189 2963 345 3048 *primum
363 2960 571 3026 tolerabilius
595 2964 660 3037 est,
684 2964 823 3027 aiterum
848 2966 922 3027 ferri
949 2966 1050 3030 uuiio

204 3051 306 3111 modo
318 3047 443 3132 potest.
465 3052 503 3114 su
515 3053 708 3116 conserendo
718 3068 826 3114 autem
850 3055 1045 3117 &commo-

204 3136 371 3209 nicando,
393 3157 515 3218 rogote
531 3140 579 3202 uti
591 3141 744 3203 adhibeat
756 3141 946 3224 potiffimum
963 3147 1046 3205 Am·

203 3222 343 3291 bruscum
360 3227 574 3292 Catherinum
590 3231 674 3318 (a),
697 3229 875 3311 omniaque
896 3228 945 3290 ita
965 3242 1044 3315 egea

210 3585 217 3598 .
237 3513 286 3580 (a)
308 3517 373 3586 Vide
391 3534 446 3586 que
458 3519 490 3596 cie¹
502 3520 635 3570 xrebreio
650 3520 793 3573 Cerberion
804 3518 934 3573 miratur
949 3509 978 3572 ἢ
991 3505 1059 3574 ιίῗ

195 3593 231 3645 in
242 3592 272 3641 ed
289 3594 374 3661 Epist.
389 3599 540 3650 cecicit.
549 3606 660 3669 papst·
673 3595 753 3660 huiue
764 3600 851 3654 tertie¹
860 3598 945 3668 portic
958 3629 969 3651 .
