2534 4342
365 389 428 460 ⁴²⁸
525 378 732 452 Jacout
770 375 1064 446 sxnottt‘at

368 467 617 534 menleomnlno
631 470 795 532 millueum
808 469 880 541 elle,
891 478 1091 551 quapropter
1099 460 1194 529 oete

370 555 418 621 bri
434 559 464 619 in
478 555 563 619 viam
580 559 655 620 dare
669 574 700 620 te
714 557 857 640 poteris.
885 555 1042 635 Equidem
1058 551 1153 615 aride
1172 562 1194 613 tr

371 646 531 725 experto,
556 666 627 707 cum
644 660 773 728 propter
787 641 850 704 alia
863 640 967 704 multa
984 685 995 716 ,
1020 653 1091 703 tunt
1116 651 1154 700 ut
1167 638 1194 699 dr

371 729 608 794 committenda
621 731 682 794 tibi
701 727 830 792 ecclesia
851 725 1012 793 summum
1031 725 1194 792 confilium

373 819 538 901 capiamur
556 819 645 904 ·Ego
661 815 744 881 enim
762 815 881 889 Paule,
903 819 968 891 iam
984 836 1041 880 nec
1053 816 1193 877 honoret

373 905 602 979 necdivitias,
628 925 685 969 nec
712 904 816 986 ullum
840 902 958 965 statum
986 903 1062 966 vite
1085 899 1118 963 in
1141 919 1194 982 qur

374 989 525 1074 splendor
541 991 580 1054 fit
592 1006 650 1055 aut
663 989 826 1073 dignitas,
851 989 906 1055 led
920 1003 1046 1054 tantum
1062 986 1194 1071 quieten

374 1082 403 1142 ἃ
419 1079 581 1143 srlrnrium
597 1078 744 1144 &otium
760 1077 811 1141 hie
835 1080 915 1142 meis
930 1077 1088 1141 extremis
1114 1072 1194 1137 anni:

371 1178 475 1249 peto.
503 1165 603 1255 Quod
629 1185 692 1229 non
709 1165 832 1247 possum
847 1165 978 1249 quidem
1008 1158 1146 1246 adipisci
1177 1159 1194 1221 ir

371 1250 560 1334 presentia,
584 1254 627 1314 ob
651 1271 686 1314 ea
700 1252 934 1334 impedimenta
957 1269 1026 1332 que
1041 1265 1077 1313 tu
1099 1246 1183 1338 nolli

376 1340 596 1404 Veruntamen
608 1359 671 1402 uon
685 1339 795 1403 absum
810 1339 904 1424 longe
915 1340 955 1409 ab
967 1341 1024 1400 hac
1038 1335 1094 1421 spe
1107 1376 1119 1408 ‚
1130 1353 1194 1399 con⁴

372 1423 495 1490 snitum
519 1426 698 1509 aliquando
719 1428 787 1490 lore
810 1427 994 1492 rationibus
1017 1425 1123 1498 mele,
1140 1441 1194 1504 qut

373 1514 415 1574 ad
430 1517 491 1576 hoe
514 1535 613 1596 genut
638 1513 712 1576 vite
725 1518 842 1580 cuncte
867 1512 1042 1599 respiciunt
1053 1529 1068 1589 3
1089 1509 1190 1593 quad

373 1619 407 1665 re
429 1615 501 1664 tota
524 1623 597 1664 cum
619 1602 765 1674 veneris,
789 1600 1061 1667 deliberabimus.
1087 1596 1154 1662 Etli
1173 1596 1194 1660 ir

373 1705 504 1769 quoque
531 1688 612 1752 milri
639 1687 683 1749 est
705 1685 967 1760 eoncedendum,
996 1700 1033 1750 ut
1052 1685 1116 1750 frui
1145 1683 1194 1747 ali·

375 1774 507 1852 quando
519 1789 579 1839 tuo
599 1774 719 1855 optato
740 1773 914 1859 aspectu&
937 1776 1001 1838 mei
1023 1772 1124 1838 animi
1138 1771 1194 1836 len·

372 1855 425 1923 sue
439 1860 517 1921 mihi
532 1863 673 1925 conferre
701 1873 808 1925 tecum
832 1861 956 1924 liceat.
978 1863 1087 1945 Quam
1115 1878 1194 1923 com

374 1947 627 2014 munitationem
652 1945 790 2011 nostram
820 1947 1056 2014 sermonum&
1085 1945 1194 2012 volun·

372 2047 503 2110 tatum,
529 2037 591 2106 tibi
617 2054 748 2118 quoque
767 2036 849 2100 olim
864 2033 995 2101 solitam
1009 2035 1114 2100 videri
1135 2033 1194 2099 fria·

374 2125 526 2188 riffimam
554 2123 732 2190 recordor.
758 2123 857 2214 Qud
872 2123 989 2205 querit
1011 2139 1122 2195 utrum
1138 2140 1194 2185 mn

372 2209 432 2290 lim
458 2233 513 2297 per
540 2212 684 2277 Fortiana
708 2229 747 2275 an
774 2233 828 2299 per
852 2211 1025 2295 Olgiatum
1061 2209 1194 2295 aecipen

369 2298 422 2361 trie
442 2321 483 2364 ex
508 2300 751 2383 permutatione
777 2300 957 2387 pecunias,
982 2301 1046 2382 jam
1074 2311 1106 2361 te
1122 2311 1194 2383 pute

368 2384 561 2450 intellexisse
582 2410 623 2452 ex
649 2385 772 2451 litteris
788 2385 963 2453 florebelli
977 2385 1102 2459 nostri,
1125 2404 1194 2448 con·

368 2471 529 2539 ditionem
543 2473 672 2557 Olgiati
696 2475 801 2538 multo
827 2475 887 2539 else
903 2473 1090 2560 potiorem,
1113 2492 1194 2556 quot

368 2578 470 2642 neque
491 2560 768 2625 intertrimentum
792 2559 898 2640 ullum
920 2581 993 2625 cunt
1016 2580 1056 2625 eo
1084 2561 1150 2632 lit,
1173 2562 1194 2624 ἃ

367 2667 520 2711 nummoe
534 2647 711 2733 anticipare
731 2648 940 2732 aliquantum
954 2659 1027 2712 ante
1041 2646 1086 2711 est
1108 2659 1194 2732 pote·

369 2733 432 2797 llas
446 2772 462 2806 ,.
481 2736 572 2818 cujus
600 2756 684 2800 nunc
707 2737 958 2801 commoditatie
981 2753 1045 2798 non
1068 2751 1194 2820 pretet·

368 2823 535 2886 mittendae
565 2822 659 2906 longe
673 2824 972 2908 opportuniffimum
989 2835 1120 2906 tempus
1134 2823 1194 2895 τῆ,

364 2928 437 2975 cum
452 2929 593 2973 aunuum
613 2932 696 2996 penu
720 2927 829 2976 totum
848 2911 941 2974 limul
962 2909 1006 2974 est
1030 2929 1194 2994 congeret·

364 2994 468 3061 dum.
502 2998 616 3078 ltaque
644 3000 802 3062 tenendus
836 2999 967 3080 quidem
998 2995 1042 3060 est
1066 2995 1194 3071 Fortia:

366 3078 423 3146 sed
437 3098 543 3150 tamen
558 3087 667 3166 quoad
693 3085 806 3149 licebit
827 3087 886 3151 hae
912 3081 1110 3148 liberalitate
1136 3081 1194 3145 01.

366 3166 449 3252 giati
464 3183 615 3234 utemur.
641 3171 799 3235 Hactenus
813 3174 881 3236 heri
897 3168 1104 3254 scripsertm.
1131 3167 1194 3231 llo·

365 3255 419 3320 dir
433 3256 473 3317 ad
489 3279 538 3326 me
555 3257 617 3320 fuit
629 3258 811 3343 Olgiatuc,
836 3260 924 3326 dixit
950 3256 982 3323 se
995 3257 1113 3320 habete
1139 3253 1194 3328 lit«,

365 3355 451 3406 teras
472 3363 490 3406 a
505 3342 601 3409 sutile
615 3341 682 3408 suis
705 3347 895 3411 Pantiaticie
909 3346 1068 3431 Lugduno
1081 3355 1119 3407 v.
1134 3343 1194 3407 Ca.

363 3428 550 3502 lend.Junii
563 3433 658 3495 datae
672 3478 682 3508 ,
696 3434 816 3516 quibus
832 3433 885 3496 illi
901 3453 973 3496 eum
995 3428 1117 3494 faciunt
1131 3449 1194 3493 cer«

324 3516 327 3522 ’
364 3514 503 3616 liorem,
529 3517 760 3601 senummunt
776 3515 1025 3605 annuentium
1055 3518 1194 3668 dedqpas

1129 3623 1194 3667 rin·
