2534 4342
196 424 240 486 ἰο
285 453 287 456 ’
344 424 553 498 Jacossr
590 422 874 501 SADOLBTI

196 524 320 579 menter
331 512 452 600 scripta
468 557 478 588 ,
491 513 610 581 certior
623 515 725 578 iasine
740 511 809 577 sum
823 558 833 578 .
858 513 895 576 ln
908 512 1027 596 quibua

194 615 267 663 enm
284 603 423 677 incunda
436 599 542 665 malta
555 600 744 666 aeciderunt
757 623 766 668 r
781 613 850 664 tum
870 599 957 663 illud
972 600 1027 682 ju·
1113 623 1116 628 ¹

194 688 414 752 eundiffimum
429 687 517 764 fnit,
539 689 627 772 quod
643 687 800 752 anemine
827 707 884 750 nec
909 685 1028 749 leviter

193 775 548 855 quidemadnronirum
571 795 621 840 me
639 789 747 838 tamen
770 773 923 836 Pontifici
938 775 1029 836 Max·
1113 811 1116 816 <

194 862 247 924 his
263 862 368 925 verbis
384 861 685 932 commendaveris,
703 875 742 925 ut
765 860 847 924 mihi
858 860 1029 942 singularis

195 947 362 1026 cuiusdam
390 947 621 1014 benevolentia
650 945 834 1021 indicium,
865 944 1030 1025 acindieii

195 1035 441 1108 testimonium,
466 1055 533 1119 quo
549 1034 632 1099 nihil
654 1034 787 1120 gravina
807 1036 868 1098 ell'e
894 1034 1029 1118 potnit,

196 1120 395 1209 impertieris
411 1163 421 1183 .
440 1123 637 1210 Quanquam
657 1121 828 1187 subvereri·
841 1120 933 1186 venit
946 1119 1028 1184 milri

197 1207 233 1273 in
248 1220 387 1272 mentem
402 1211 591 1285 interdum,
616 1230 654 1274 ne
668 1213 823 1288 majorem
836 1223 893 1274 tua
911 1207 1032 1294 predi-

200 1293 328 1361 catione
343 1295 383 1361 de
397 1317 447 1363 me
458 1297 745 1385 expeiiationem(
760 1316 832 1381 que
842 1311 898 1362 erra
908 1294 1033 1362 scilicet

200 1381 237 1446 in
256 1382 370 1449 amieis
395 1388 526 1451 tuendis
545 1386 590 1450 est
619 1383 791 1469 diligentia
814 1387 833 1465 )
854 1383 1034 1455 excitaris,

200 1489 300 1554 qnam
312 1491 374 1556 ega
385 1470 536 1539 sustinere
554 1473 661 1561 posslm
675 1514 685 1536 .
713 1473 882 1556 Utrunque
895 1484 980 1535 certe
994 1487 1034 1532 eo

181 1557 352 1621 *studioea
372 1557 583 1645 persecutae,
607 1572 646 1623 nt
658 1556 784 1624 amori·
805 1578 878 1642 erga
896 1576 945 1621 me
958 1555 1008 1619 tui
1025 1597 1038 1628 ,

200 1644 385 1712 rationibus
409 1646 491 1711 meir
515 1646 732 1714 consulendo:
747 1645 862 1731 judicii
887 1663 966 1706 vero
995 1641 1035 1706 de

197 1730 328 1816 ingenio
342 1734 420 1797 bene
433 1731 602 1800 sentiendo
614 1776 624 1809 ‚
636 1734 798 1820 egregiam
812 1731 932 1817 fignific
948 1729 1039 1794 atio·

194 1832 268 1882 n'em
282 1817 410 1883 dederis
425 1860 434 1881 ·
449 1821 565 1884 Amori
589 1836 675 1885 certe
690 1819 799 1901 quoad
822 1815 942 1883 mellus
970 1815 1038 1878 fieri

136 1916 141 1923 '
200 1905 347 1991 poterit,
361 1904 582 1991 respondebo,
598 1920 797 1986 tuorumque
810 1916 886 1988 'erga
900 1924 952 1967 me
969 1925 1040 1965 me·

200 1993 343 2057 ritorum
371 1991 563 2056 memoriam
588 1991 807 2058 studiosrssrml
832 1989 1040 2074 diligentissi-

204 2077 323 2162 mique
336 2077 469 2144 servabo
482 2078 630 2150 dudini&
655 2099 732 2145 vero
747 2079 768 2140 sr
786 2076 894 2142 minias
911 2075 1041 2160 satisfee·

206 2186 305 2251 cern,
333 2164 413 2230 mihi
426 2166 594 2252 ignosces,
619 2167 688 2232 imir
700 2165 798 2248 etiam
815 2164 899 2241 tibi,
921 2163 976 2249 qui
992 2183 1042 2226 me

206 2253 334 2316 adeam
359 2253 488 2316 landem
503 2256 694 2330 vocaveris,
716 2271 817 2337 eaque
844 2251 884 2316 de
898 2274 948 2315 me
973 2251 1044 2312 for·

208 2341 287 2406 ealle
301 2340 456 2424 receperis
472 2383 481 2411 ,
503 2341 543 2412 ad
555 2360 624 2423 qua
636 2339 857 2424 consequenda
874 2385 885 2417 ,
899 2337 980 2404 crim-
991 2335 1044 2400 vi·

209 2448 271 2492 rear
286 2428 398 2509 o'mnea
418 2426 582 2507 animique
604 2427 827 2510 cogitationes
843 2437 859 2501 ',
887 2445 1043 2513 operam,

211 2512 418 2597 diligentiam
442 2552 453 2582 ,
491 2527 671 2594 ceteraque
690 2512 800 2577 omnia
820 2533 890 2596 quie
916 2517 1045 2592 inmea

209 2598 286 2664 sent
297 2599 455 2685 potestate
470 2641 480 2672 ‚
495 2600 660 2673 attulero,
675 2598 697 2659 sr
711 2599 818 2664 minue
838 2601 934 2662 fidem
953 2614 1046 2661 trram

210 2686 362 2751 liberabo
377 2730 386 2758 ‚
401 2686 490 2749 omni
505 2701 612 2752 tamen
628 2684 866 2771 culpaprorsue
881 2687 1046 2750 srmvaea·
1078 2712 1088 2733 ·

211 2785 327 2839 turne·
358 2771 459 2861 Quod
473 2775 512 2836 ad
526 2773 867 2860 Pontificempertiuet
877 2816 888 2847 ,
908 2770 1046 2837 vindici

213 2862 338 2957 potest,
359 2861 391 2926 in
417 2861 721 2938 einesiberalitate,
744 2879 842 2944 quam
866 2857 1048 2946 nihil‘pm·

213 2949 389 3036 pemndnm
407 2944 473 3034 spei
497 2949 577 3013 mihi
601 2949 785 3036 ponendum
808 2947 949 3026 judicem
963 2967 972 3010 ι
988 2945 1047 3029 qui

217 3055 257 3100 eo
282 3036 410 3118 ingenio
424 3036 489 3108 esi,
513 3050 556 3099 ut*
576 3037 598 3099 sr
616 3037 715 3100 etiarn
738 3035 844 3109 velit,
870 3036 916 3099 ira
939 3048 1048 3100 tamen

200 3180 203 3185 .
216 3121 331 3204 frigide
348 3139 383 3185 ae
398 3124 581 3191 cunslanter
595 3121 698 3194 velie,
721 3133 760 3185 ut
774 3121 803 3187 ei
819 3121 877 3208 qui
889 3121 981 3185 illiue
995 3140 1050 3187 ar·

194 3258 197 3262 A
999 3229 1043 3274 cae

217 3423 325 3489 ‚rarione
335 3434 436 3486 tandem
450 3428 563 3490 recredere
574 3436 717 3493 volniffet.
737 3440 854 3492 Uxorem
865 3432 954 3487 hebuit
968 3431 1052 3484 Malli

222 3515 284 3553 nem
295 3503 436 3561 Sertoriana
448 3514 624 3567 Mutinensem
636 3514 719 3564 nobili
734 3531 825 3582 genere
835 3524 924 3563 natam
937 3526 990 3576 ‚ex
1000 3525 1050 3577 qna

222 3578 310 3646 plures
327 3580 419 3636 liberor
431 3586 548 3655 suscepit.
562 3590 655 3640 Morte
666 3590 748 3642 eitam
758 3590 896 3656 diligenter
907 3589 1052 3658 elegenterg

224 3655 416 3732 quedrsrri‘pfit
431 3663 528 3745 rirplg
545 3667 634 3720 Petrae
644 3667 709 3723 Ant.
722 3664 861 3740 Sereffieeg
908 3735 911 3743 Ι
