2534 4342
350 421 890 492 EPISTOLAE'FAMILIARES·
1000 435 1043 509 67

211 513 243 579 ἃ
266 510 401 597 quidem
424 511 623 598 optimarum
651 512 772 596 copia,
797 533 868 596 qua
883 512 925 577 ad
942 512 1047 578 vitam

208 601 398 683 vinumque
407 600 571 685 pertinent
584 622 595 667 t
615 614 686 680 tum
699 614 807 664 autem
824 600 874 665 vel
886 601 1052 687 imprimit

208 705 304 755 amor
321 692 437 753 horum
453 687 740 775 populorum,qui
757 702 821 766 uta
834 709 885 753 rne
904 689 1055 775 diligun-

211 787 291 854 tur,
319 777 366 868 ita
381 795 432 840 me
459 776 588 840 vitiliirn
603 776 748 861 diligunt
765 776 848 862 ipsu
876 777 1054 861 omnesque

208 862 244 930 in
271 885 345 931 meo
356 862 451 927 vultu
471 880 570 948 atque
583 863 616 930 in
628 864 776 930 excubiis
803 867 1053 949 quodammodo

212 953 296 1019 meir
317 951 525 1036 acquiescunt
538 971 547 1016 τ
562 965 668 1018 tamen
682 966 719 1017 ut
733 955 873 1018 Romam
886 954 1054 1020 interdurn

185 1064 187 1071 ¹
210 1040 414 1114 desrderem,
440 1060 574 1107 votvor
592 1041 691 1106 amici
711 1039 894 1106 meiiatitis
906 1063 920 1120 ς
941 1040 1052 1108 &im-

210 1128 330 1217 primit
355 1141 392 1191 tu
407 1128 531 1215 optime
558 1129 765 1202 Contrane,
790 1130 970 1194 tuiomnea
987 1124 1052 1192 mei

210 1215 324 1283 sensns
339 1213 387 1279 ita
401 1217 498 1281 valde
521 1213 598 1280 sunt
620 1215 882 1293 consentienter,
906 1215 1052 1283 utnulla

207 1306 374 1376 nostram,
396 1325 462 1369 non
484 1303 614 1366 fortuna
636 1303 690 1368 led
712 1304 1051 1387 judiciocontraetrru

212 1392 473 1458 familiaritatem
489 1405 589 1473 atque
608 1391 789 1457 amicitiam
813 1434 830 1464 ,.
858 1391 1056 1458 labefallura
1157 1434 1175 1461 .

211 1494 290 1544 artat
310 1481 374 1544 srr.
399 1477 461 1545 Sed
484 1477 596 1542 nimio*
614 1476 711 1562 longe
736 1479 928 1563 progredior
954 1474 1052 1540 inhia

213 1570 311 1634 rebus
327 1613 339 1643 ,
363 1588 436 1652 qna·
447 1584 507 1631 nec
529 1564 665 1628 modum
681 1564 787 1628 ullum
804 1585 862 1630 nec
886 1567 981 1628 linem
997 1567 1058 1627 ha·

212 1657 315 1720 bent.
340 1657 422 1744 Qua
445 1651 532 1719 enirn
558 1671 637 1716 mear
664 1671 738 1736 erga
765 1664 799 1714 te
821 1649 1054 1716 benevolenti·

211 1743 308 1806 limul
322 1747 352 1810 ar
366 1738 577 1806 observantie
590 1759 648 1825 par
659 1736 801 1805 inveniri.
816 1743 908 1824 poffit
920 1741 1029 1804 oratio
1043 1734 1057 1802 i

219 1833 357 1912 Quare,
385 1843 422 1893 ut
437 1825 471 1890 in
484 1826 638 1912 pauciora
662 1827 850 1904 conferam,
873 1825 982 1900 scito,
1009 1846 1062 1891 me

213 1918 268 1980 tui
286 1916 431 1984 absentia
443 1915 637 1980 memoriam
649 1915 779 1982 summa
795 1935 867 1981 rum
880 1916 942 1981 fide
958 1919 988 1983 nr
1002 1917 1063 1979 be·

210 2003 407 2072 neroleutia
418 2001 578 2069 retinete·
593 2002 672 2070 lieri
683 2001 809 2090 vesperi
821 2004 929 2090 accepi
943 2008 983 2070 ab
998 2004 1063 2066 Ur-

214 2093 256 2159 be
286 2092 429 2174 literar,
458 2088 496 2156 in
519 2091 643 2176 quibua
672 2093 757 2156 mihi
777 2088 863 2157 illud
877 2092 1062 2172 jucundilli·

217 2201 309 2245 nrum
332 2224 343 2255 ,
371 2178 461 2262 quod
474 2180 536 2237 mei
553 2178 728 2241 certiorem
739 2197 791 2236 me
804 2179 945 2253 faciunt,
973 2195 1008 2241 te
1021 2179 1064 2240 li-

220 2268 336 2332 benter
349 2284 424 2326 meo
440 2273 558 2342 rogatu
570 2261 720 2343 recepisse
734 2257 846 2323 tausaa
860 2262 990 2328 Ducum
1004 2246 1068 2330 br-

219 2352 322 2416 varie
348 2349 478 2414 summo
507 2343 658 2409 Pontifici
683 2348 979 2417 commendandas:
1000 2369 1068 2434 quo

219 2438 270 2502 nil
284 2435 365 2501 mihi
385 2430 512 2520 gratius
540 2433 659 2498 efficere
687 2433 826 2520 potuisti
843 2455 970 2526 :neque
985 2439 1066 2503 item

218 2532 296 2615 (ut
324 2525 496 2607 arbitror)
518 2521 569 2586 tui
593 2520 712 2588 virtuti·
732 2569 744 2600 ,
777 2527 1065 2614 authoritatique,

215 2635 278 2679 con
288 2612 473 2680 venientiua
488 2654 498 2676 .
529 2608 585 2677 Illi
596 2611 683 2678 eninr
694 2611 851 2678 fortiffimi
863 2617 1063 2684 aenobililli·

210 2701 257 2767 mi
274 2702 445 2791 Principes
461 2703 490 2767 St
504 2697 538 2766 in
551 2695 649 2765 causa
661 2701 731 2769 Dei
755 2699 987 2790 religionisque
1005 2706 1062 2767 fir·

211 2791 341 2855 millimi
360 2835 373 2868 ,
395 2788 571 2874 dignillinri
581 2789 840 2873 prostibulum,
868 2813 1008 2876 quorum
1022 2791 1064 2852 al>

212 2876 374 2943 omnibus
389 2875 487 2941 nobit
506 2916 517 2947 ,
537 2877 663 2958 quibua
674 2874 856 2942 Christiana
866 2879 1009 2965 Respub.
1021 2877 1066 2940 eli

213 2986 318 3038 curre,
355 2961 542 3028 honorinae
558 2961 732 3046 dignitatis
746 2963 833 3028 ratio
858 2967 909 3033 vel
923 2963 1068 3032 maxima
1126 3002 1132 3008 -

212 3053 396 3120 habeatur.
466 3051 717 3140 uapropteraba
732 3064 764 3117 te
783 3067 889 3137 peto,
916 3057 1066 3140 utltpro

218 3140 370 3207 amicitia
384 3141 509 3213 nostra,
534 3139 895 3228 &protnnliantitlima
907 3146 969 3210 fide
984 3158 1065 3218 tua,

214 3231 311 3313 quod
326 3234 391 3306 ianr
410 3226 597 3315 susceptum
614 3228 674 3292 aba
689 3241 721 3292 te
741 3230 806 3304 eil,
838 3231 870 3296 in
886 3255 925 3299 eo
936 3232 1063 3298 naviter

219 3318 366 3403 perustae
384 3337 542 3401 :remque
566 3314 613 3381 ita
627 3335 745 3401 gerat,
767 3333 805 3382 ut
817 3321 927 3405 Duce·
939 3318 991 3385 illi
1010 3318 1063 3384 in·

210 3403 396 3491 ‚telligant,
425 3427 477 3470 me
491 3403 592 3470 etiam
607 3402 738 3470 absente
752 3407 810 3472 srbi
823 3427 886 3474 non
911 3409 1013 3474 deelle
1027 3405 1062 3472 in

210 3493 291 3555 urbe
324 3495 428 3558 Roma
459 3492 715 3580 optimorum&
745 3495 1060 3581 diligentilfinrorum

212 3578 446 3647 cardinalium
471 3581 715 3670 patrocinium.
749 3581 871 3661 lisdem
896 3588 937 3653 de
962 3587 1059 3736 rfbua

293 3714 297 3721 -
991 3690 1057 3735 crr-
