2534 4342
286 451 507 520 EPISTOLAE
530 453 823 521 FAMILIARES·
915 471 975 517 art

142 537 304 606 summam
332 542 494 628 quandam
519 542 599 604 milri
629 558 728 623 atque
753 537 976 607 incredibilem

142 628 350 714 voluptatem
374 628 583 694 attulerunt.
608 630 781 693 Vidienim
799 630 830 691 iu
852 626 921 690 illis
951 631 981 694 Se

143 715 314 803 perspexi,
338 736 400 782 nou
418 715 524 781 solum
545 717 601 803 qui
614 732 650 781 tu
662 719 712 782 vir
727 718 803 781 elles
818 760 829 789 ‚
854 735 920 798 quo
935 713 982 776 in·
997 752 1002 760 ſs

141 807 258 888 genio,
282 824 346 888 qua
376 805 546 881 torenna,
579 825 642 891 qua
666 806 763 870 etiam
788 801 979 886 eloquentia

140 892 322 981 praeditus3
341 891 508 958 sedetiam
524 909 721 980 quantopere
737 914 787 955 me
803 891 980 976 diligeres:

141 1001 210 1066 quo
224 996 355 1045 moerere
381 991 479 1064 atque
492 985 614 1050 honore
634 1000 652 1044 a
675 980 734 1045 tali
758 979 830 1044 viro
849 975 981 1066 prefer·
1027 1015 1029 1021 ·

141 1071 228 1142 tim,
252 1067 336 1137 nihil
351 1069 455 1134 habeo
468 1072 557 1150 quod
570 1070 623 1135 vel
643 1076 758 1154 ‘optare
776 1072 883 1153 poffim
897 1085 980 1152 prae·

141 1154 282 1222 stantius
294 1200 306 1231 ,
326 1175 526 1240 quemquam
544 1157 629 1222 tuin
654 1178 705 1220 me
719 1154 886 1219 laudando
912 1150 980 1214 ali·
1041 1203 1048 1216 .

139 1256 267 1330 quanto
280 1265 314 1311 ea
327 1245 452 1309 effusior
467 1288 476 1309 .
493 1247 552 1309 Sed
568 1259 603 1309 ut
615 1264 675 1328 ego
687 1261 741 1306 eas
756 1243 786 1307 in
802 1265 851 1307 me
866 1239 979 1304 laudea

138 1351 204 1397 ooo
215 1330 380 1416 agnosco,
405 1331 446 1395 sac
465 1332 722 1399 benevolentiam
737 1345 827 1394 tuam
841 1348 917 1414 erga
931 1346 982 1388 me

140 1419 564 1504 amicillimeeompledlor,
587 1438 707 1508 parque
730 1418 835 1482 inme
860 1412 984 1479 amoris

143 1507 368 1576 &voluntatis
381 1507 638 1573 studiumrefero
655 1505 716 1570 tibi
741 1518 840 1587 atque
858 1501 982 1568 reddo.

139 1595 259 1660 Poema
275 1612 370 1660 tuum
394 1597 520 1684 (quod
548 1608 657 1682 patere
673 1592 837 1657 'omnibus
865 1587 985 1655 necesse

141 1681 316 1766 est)0mni
327 1704 367 1750 ex
381 1700 475 1774 parte
485 1686 690 1750 elaboratum
705 1679 875 1765 &elegans
887 1721 898 1752 ,
912 1694 984 1738 ma·

140 1780 284 1857 guopere
316 1794 367 1836 me
393 1773 568 1839 delellavit
583 1813 595 1844 ,
621 1767 705 1835 nihil
730 1767 817 1835 enim
838 1767 984 1831 videote

139 1854 365 1942 subterfugill'e
381 1860 413 1924 in
429 1880 468 1924 eo
484 1902 495 1933 ,
520 1859 642 1946 quoad
660 1852 979 1924 mundiciemlatinoe

139 1945 257 2030 lingua
271 1990 283 2023 ,
305 1947 479 2032 omnesque
492 1948 523 2012 in
539 1968 575 2013 ea
590 1946 719 2034 lepores
748 1951 778 2015 Se
798 1944 984 2014 venustatae

139 2037 326 2120 pertineat,
346 2037 429 2117 quas
451 2036 536 2115 apud
555 2056 613 2100 uos
626 2059 724 2125 prope
740 2042 805 2116 jam
821 2028 991 2099 intermis-

144 2119 222 2194 sae,
246 2118 379 2198 &quase
393 2115 631 2182 obsolesceotes
646 2125 671 2189 ‚'
690 2130 726 2178 tu
749 2120 851 2181 homo
863 2135 926 2179 oon
950 2115 985 2180 io

138 2207 225 2271 lario
245 2219 366 2278 natue,
385 2217 454 2268 tam
468 2204 644 2286 dili-genter
660 2201 855 2267 constiteris
869 2207 899 2270 δι
923 2224 984 2268 ex·

138 2294 280 2383 primia,
303 2307 340 2357 ut
356 2306 413 2354 aut
427 2304 557 2378 mutata*
575 2289 759 2354 homiuum·
772 2287 986 2375 locorumque

140 2380 310 2461 conditio,
335 2394 392 2444 aut
406 2377 523 2444 latium
540 2374 614 2442 hinc
628 2376 670 2441 ad
686 2397 749 2444 voe
763 2375 916 2445 videatur
928 2382 989 2447 elie

883 2485 978 2535 tran.

676 2568 973 2607 -—---o

142 2643 171 2695 8.
185 2641 294 2710 Georgii
309 2659 388 2711 prope
409 2642 633 2710 ‚cooimorieem
654 2636 698 2697 le*
713 2644 742 2697 io
766 2647 864 2718 Gracia
875 2647 982 2715 quidem
1002 2669 1008 2680 ¹

140 2733 326 2789 preceptorem
351 2720 441 2773 hebuit
460 2721 603 2773 Nicolaum
622 2720 789 2775 Cleuerdium
812 2725 900 2795 ,equi
921 2726 982 2787 (nr

139 2797 220 2860 Joeo.
231 2799 342 2850 velatur
354 2796 592 2864 eap.vl.chrooiei
605 2796 645 2851 sui
661 2800 740 2850 refert
750 2807 767 2868 )
777 2801 896 2853 Coelium
910 2801 980 2852 hune

140 2891 192 2928 eren
208 2878 320 2930 camina
330 2889 433 2928 taratara
443 2905 454 2939 ‚
466 2874 513 2940 sad
523 2867 831 2942 &aratoriisieedibee,
848 2878 908 2930 adea
921 2876 981 2929 bene

137 2955 280 3024 perculsam
290 2952 364 3006 ruisse
376 2950 506 3004 memorie
521 2948 637 3028 prodidit
647 2981 660 3018 ‚
669 2964 799 3021 etpaueos
808 2955 913 3007 crederet
926 2967 982 3007 tarra

137 3034 215 3100 perpe
231 3030 265 3084 ad
285 3032 426 3100 puritatem
446 3027 557 3084 accedere
578 3029 725 3082 cremate.-
739 3032 901 3096 isocraticam
921 3046 984 3084 ceree

138 3104 325 3170 iucunditatem
348 3109 529 3176 lenitatemque
539 3105 577 3172 fia
597 3107 685 3172 referre
696 3105 827 3171 solitum,
851 3123 881 3162 raa
898 3121 986 3178 pareat

142 3201 195 3237 eree
207 3186 303 3240 viderit
328 3186 364 3237 Et
385 3182 508 3245 saneeiua
525 3200 603 3252 opera
614 3182 642 3234 in
660 3181 775 3251 epillolie
794 3185 985 3237 conseribendie

139 3261 287 3314 Heorieum
298 3261 618 3315 cardinalemlimauuelie
630 3261 799 3331 Portugallioe
815 3264 883 3330 regie
896 3262 988 3315 fitium·

139 3338 215 3390 ulum
225 3336 297 3390 luill'e
310 3339 409 3393 condat
425 3355 433 3391 z
448 3337 580 3408 &Gaipar
594 3339 753 3404 Barrmim,
773 3340 866 3391 ceria
886 3342 982 3392 Mene·

138 3413 181 3467 liii
206 3413 321 3467 Luliterri
342 3416 490 3468 orationem
510 3418 646 3487 quemdam
658 3417 690 3467 ed
711 3415 815 3468 sixtum
831 3419 879 3468 tv.
891 3419 921 3468 Ρ.
935 3416 980 3471 M·

139 3487 258 3544 habitam
272 3484 328 3550 eiua
337 3492 439 3545 nomini
450 3494 592 3546 iulerlbede
605 3525 616 3558 ,
629 3492 744 3546 hominio
760 3491 891 3562 ingenium
903 3526 914 3559 ,
927 3495 978 3544 do-

138 3564 274 3631 meinero,
300 3569 475 3638 eloquentiam
497 3586 653 3640 magnopere
675 3572 859 3647 commendat.
891 3569 972 3625 coelii

137 3644 456 3730 operametriearpeeoset
480 3649 614 3706 cerdosrue
636 3648 664 3702 iu
684 3649 971 3728 Agiologiolulteoe

141 3730 279 3790 Ρδιοόὄῖο
