2534 4342
392 313 1076 454 4321r1ncon1snuouur1
1124 318 1130 328 ¹

397 458 502 524 noster
518 457 666 541 pudore,
692 456 848 522 modestia
863 501 875 533 ,
899 465 925 526 ἃ
940 462 1063 546 pietate
1079 479 1159 546 erga
1177 482 1194 526 n

397 544 524 630 egregie
548 543 630 608 milri
653 545 833 624 latiniacitu.
855 547 889 608 le
907 563 938 611 te
959 549 1080 613 eximie
1103 551 1194 635 dilig

397 648 551 700 actuum
581 635 759 697 adventum
793 633 888 697 avide
923 639 1074 721 expediat
1100 679 1111 701 .
1139 645 1194 725 δρα

398 719 639 786 adolescentem
656 739 774 806 magne
790 722 885 786 nobie
900 724 1065 811 voluptati
1081 725 1194 790 fore.'

397 811 445 874 fac
458 825 494 872 uc
509 808 617 872 v'aleae
629 853 639 883 ‚
649 809 865 894 omnibusque
877 811 993 878 amicis
1007 812 1149 878 salutem
1165 835 1194 878 ur

285 941 304 964 ,·
395 899 462 966 eice
476 941 487 971 ,
513 897 738 985 precipueque
761 900 943 964 Cathariuo
972 902 1114 972 nostro,
1144 923 1191 985 qu

396 1006 457 1070 ego
468 987 635 1049 hominem
649 985 734 1050 facio
749 985 899 1069 quotidie
913 989 1041 1072 pluria,
1066 990 1194 1074 magisq

396 1073 547 1159 &magis
562 1074 691 1159 diligo,
716 1074 995 1154 quemadmodum
1022 1076 1105 1139 mibi
1127 1078 1194 1141 nid<

292 1190 295 1194 ·
396 1174 452 1226 tur
478 1161 598 1246 optimi
627 1163 725 1245 ipfiue
753 1181 859 1224 mores
883 1168 912 1229 ἃ
937 1163 1083 1226 virtutes
1108 1166 1194 1231 θκῐῐῐ

396 1249 534 1314 mereri.
559 1251 685 1314 lterum
711 1246 815 1313 vale.
851 1251 962 1315 Rome
984 1265 1038 1314 vm
1068 1248 1155 1316 ldua
1181 1256 1194 1340 ,l

393 1337 652 1403 niinr·n.xnv1.
766 1353 768 1356 ·

520 1470 655 1536 nors
675 1428 835 1538 noun
870 1435 1108 1542 ccccxxxi.

411 1605 528 1678 ΗΑΒ.
547 1606 714 1669 Niconno
732 1607 931 1671 Purreanro
948 1612 979 1671 s.
993 1609 1040 1672 D.
1059 1609 1194 1692 carpene

396 1739 472 1821 Ejus
487 1739 520 1800 in
535 1739 732 1802 concionibus
750 1744 790 1802 nd
804 1742 950 1829 populum
964 1741 1113 1805 habendis
1125 1742 1194 1822 piet

439 1839 502 1888 tem
515 1825 781 1910 &eloquentiam
797 1828 947 1898 laudibus
959 1831 1091 1894 entollit
1105 1869 1116 1891 .

467 1955 571 2020 Aulus
584 1956 625 2020 ad
642 1979 691 2022 me
705 1955 837 2037 scribit,
851 1961 884 2026 in
899 1982 939 2026 eo
953 1961 1106 2025 obeundo
1120 1980 1194 2025 mun

480 2068 537 2120 re,
564 2047 654 2128 quod
684 2061 799 2130 rogatu
829 2054 902 2114 meo
932 2047 1121 2134 suscepisti,
1144 2064 1180 2112 te

388 2134 746 2218 Carpentoraclensrbue
772 2136 899 2202 civibus
921 2136 1020 2221 usque
1042 2158 1081 2202 eo
1101 2135 1194 2200 sarisl

388 2241 481 2291 cere,
506 2218 542 2285 u't
558 2223 588 2286 in
605 2219 704 2286 sacris
729 2220 798 2289 illie
821 2226 1035 2291 concionibus
1048 2243 1170 2306 ,quae

388 2310 550 2396 populum
565 2312 684 2382 habes,
706 2331 763 2376 nec
778 2314 946 2399 religionis
959 2311 1099 2376 studium
1114 2313 1194 2377 arde

390 2396 482 2470 tiue,
507 2420 562 2464 nec
576 2418 682 2460 rerum
698 2406 792 2483 copia
807 2404 937 2465 uberior
951 2444 962 2474 ,
986 2421 1042 2464 nec
1064 2400 1194 2463 oration

389 2485 557 2550 subtilitas
586 2491 689 2562 major
721 2490 1009 2572 desideraripolse
1038 2486 1191 2548 videatur

388 2575 504 2658 ltaque
527 2573 755 2639 admirabilem
780 2579 820 2639 ad
845 2589 877 2640 te
901 2573 1097 2640 audiendum
1123 2576 1194 2636 hon

388 2681 467 2727 uum
497 2660 652 2747 cujusque
678 2665 804 2745 generie
818 2709 829 2740 ‚
853 2665 979 2734 etatis,
1002 2658 1128 2724 ordinis
1154 2683 1194 2725 co

393 2747 520 2815 cursum
539 2750 629 2823 lieri,
650 2767 686 2814 ut
700 2751 828 2837 prorsus
842 2767 1018 2835 numquam
1033 2748 1126 2812 isthic
1139 2751 1194 2831 qui

391 2857 489 2921 quam
518 2843 637 2915 majore
661 2841 833 2904 hominum
857 2839 909 2904 vel
939 2836 1147 2919 frequentia,
1176 2860 1194 2900 v

390 2926 630 2999 admiratione,
654 2926 724 3011 ejus
734 2931 863 3012 generis
878 2923 1049 2989 conciones
1060 2926 1194 2989 habueri

392 3013 492 3106 Qud
510 3014 589 3077 mihi
612 3013 745 3098 quidem
765 3014 823 3097 qui
836 3014 1118 3098 prestantilfimum
1140 3013 1194 3096 ing

388 3105 478 3165 nium
506 3117 597 3165 tuum
611 3146 623 3178 ,
647 3101 716 3185 pari
733 3103 807 3164 vite
838 3103 1025 3187 integritate
1050 3121 1087 3164 ae
1111 3101 1194 3186 picta

388 3190 616 3265 coniunelum,
641 3189 733 3253 isthic
757 3212 827 3266 cum
845 3191 938 3254 essem
962 3187 1056 3254 facile
1072 3185 1194 3273 persper

390 3276 524 3340 minime
545 3277 663 3344 mirum
680 3277 784 3342 visum
803 3279 869 3341 est.
895 3282 967 3344 Nou
983 3276 1105 3364 polium
1123 3288 1190 3338 tam

389 3362 483 3426 facile
501 3366 608 3430 verbIe
623 3365 808 3453 consequi,
833 3385 930 3449 quam
947 3367 978 3428 id
1004 3377 1131 3448 gratum
1152 3362 1194 3426 mi

390 3450 612 3534 &jucundum
635 3455 816 3520 acciderit.
841 3454 933 3521 Nihil
950 3454 1033 3516 enim
1052 3454 1194 3514 vehemer

390 3539 458 3603 ciue
477 3540 589 3606 studeo
605 3556 705 3624 arque
719 3559 827 3628 opto,
850 3561 948 3628 quam
963 3528 1190 3606 illosbomine

1146 3644 1191 3709 qu
