2534 4342
329 380 396 467 'iul
488 388 693 459 rncoat
719 379 1036 462 ,sanonum

329 479 376 541 tei
395 474 549 540 militaria
579 496 709 559 regere,
731 474 933 538 authoritate
956 469 1090 537 &fama
1120 486 1174 531 re·

331 582 405 627 rum
418 562 683 648 antegestarum,
709 563 833 627 milites
848 564 888 625 ad
917 573 1071 646 prompte
1098 555 1172 619 ala·

329 650 491 734 triterque
503 653 677 738 parendum
691 672 802 736 rogere
824 654 854 716 ἃ
874 648 1075 733 compellere
1091 641 1172 730 pos·

330 731 403 801 set.
423 742 629 805 Tumautem
644 740 768 804 territie
779 739 885 804 altero
897 737 961 819 jam
974 775 984 807 ,
995 746 1053 797 aut
1064 730 1170 795 tertio

332 826 469 893 adverso
481 826 591 913 prelio
602 827 784 892 nostrorum
799 825 930 894 animia,
944 842 1008 884 non
1034 837 1170 902 magno·

331 933 408 996 pere
419 913 644 981 confidendum
658 917 811 1004 putabam
827 956 837 977 .
863 912 1050 982 Postremo,
1062 920 1103 970 ut
1116 904 1169 971 ei·

304 1017 306 1022 ’
331 999 403 1065 sent
421 1001 606 1068 tolerabilia
620 1021 733 1068 autera
746 1048 757 1078 ,
770 1002 919 1067 videbam
931 1014 1042 1063 tamen
1056 995 1089 1058 iu
1103 1013 1170 1064 uno

330 1084 445 1171 prelio
458 1088 636 1177 periclitari
653 1093 816 1157 fortunam
843 1086 949 1150 totiua
974 1081 1167 1148 Christiana

331 1177 470 1262 Reipub.
483 1197 552 1262 qua
566 1224 576 1257 ‚
590 1181 611 1243 ir
624 1180 681 1243 lust
694 1177 859 1265 fugatique
869 1173 1003 1239 ess'emua
1022 1169 1166 1258 ,(quod

332 1262 468 1343 quidem
481 1269 572 1330 Deua
584 1280 677 1332 omen
694 1268 725 1332 iu
750 1263 827 1329 suot
840 1261 945 1326 hoster
965 1260 1168 1341 convertat)

332 1349 461 1417 nullum
476 1353 556 1419 milri
568 1354 739 1423 uidebatur
751 1366 902 1439 praeterea
912 1348 1062 1411 habitura
1083 1363 1171 1429 paa-

331 1436 449 1504 srdi'um
464 1483 477 1514 ,
505 1444 682 1526 quoautie
694 1442 844 1510 sustinere
857 1436 1008 1509 diutini,
1032 1448 1091 1496 aut
1108 1451 1171 1494 uu·

332 1523 373 1589 de
384 1527 447 1590 niti
461 1528 502 1590 ad
519 1528 549 1595 se
561 1529 789 1596 vindicandam
803 1524 926 1609 pollet.
943 1521 1068 1591 Etenim
1087 1518 1171 1601 quie

331 1631 395 1678 uon
407 1615 599 1703 intelligat,
630 1620 769 1684 srvinlut
796 1615 835 1676 stt
847 1612 950 1676 noster
978 1605 1146 1672 euerritur
1155 1648 1169 1681 ,

333 1702 495 1767 niustriam
512 1707 669 1771 contiuuo
691 1705 723 1770 iu
738 1701 877 1767 hollium
905 1695 1066 1759 ditionem
1083 1714 1171 1759 ‘con-

331 1787 482 1851 cessuram
497 1788 701 1856 ?Germauus
715 1787 877 1872 Principes
890 1779 1075 1867 utquisque
1090 1800 1171 1866 pro·

331 1872 446 1937 ximus
460 1878 592 1942 Austriae
622 1881 661 1943 sar
674 1921 684 1953 ,
702 1874 873 1942 differendi
898 1871 1038 1956 supremi
1065 1867 1170 1933 exitii

331 1958 427 2024 0²1¹st
438 2005 446 2032 2
458 1965 661 2048 pat‘liouea&
677 1967 890 2032 foederatum
913 1957 1031 2026 Turcia
1046 1956 1168 2042 queli-

324 2048 452 2116 ‘turoai
470 2051 650 2118 Maximum
669 2051 780 2119 subito
799 2048 987 2134 equitatum
1014 2045 1173 2109 bulliunt·

333 2133 367 2200 in
385 2137 518 2204 ltaliam
530 2138 732 2230 irrupturum
749 2141 762 2207 ἓ
781 2137 889 2201 omnia
904 2133 1041 2219 denique
1059 2147 1177 2198 terro·

333 2244 368 2288 ra
379 2227 407 2291 u
419 2228 565 2293 tumultu
577 2230 777 2317 completum
794 2223 859 2310 iri?
883 2229 992 2308 Atque
1011 2223 1079 2284 hec
1094 2218 1174 2283 cutia

334 2310 484 2380 timerem
500 2359 511 2389 ,
526 2318 663 2401 gravius
684 2315 787 2381 eriam
809 2312 869 2389 illa
892 2333 926 2377 re
951 2308 1146 2376 exterrebat
1165 2346 1182 2382 ι

333 2399 425 2479 quod
453 2417 564 2467 eontra
579 2405 665 2490 apud
679 2403 785 2468 hoster
806 2398 913 2464 omnia
927 2396 958 2463 se
980 2396 1148 2460 habebant
1166 2433 1179 2457 .

334 2485 427 2546 Unut
452 2488 532 2554 Dux
553 2489 680 2555 summa
702 2489 853 2576 potentia
887 2491 916 2553 ἃ
937 2483 1179 2556 authoritate,

337 2571 504 2638 exercitus
526 2597 660 2642 numero
685 2577 858 2649 infinitus,
878 2591 1014 2640 concurr
1034 2570 1123 2633 inter
1142 2568 1179 2659 sp

335 2669 433 2742 atque
441 2662 646 2730 consentient
660 2706 672 2738 ,
690 2666 776 2729 idem
789 2660 1023 2728 consuetudine
1037 2656 1181 2722 vincen-

336 2744 370 2809 di
383 2747 424 2811 atl
436 2749 581 2835 pericula
592 2756 720 2827 audax,
734 2752 910 2836 aquitatua
925 2762 1076 2835 preterea
1094 2762 1181 2827 pro·

334 2853 378 2919 pe
403 2834 673 2915 innumerabilia,
701 2859 797 2923 quem
824 2839 957 2920 quidem
981 2832 1180 2917 equitatum

336 2923 506 3003 quomodo
517 2929 615 2993 nostri
626 2927 777 2994 sullinere
790 2925 925 3012 pollent,
938 2943 1002 2988 non
1015 2919 1113 2984 facile
1123 2935 1183 2981 raa

338 3008 464 3075 tionem
476 3012 701 3081 inveniebam.
726 3017 879 3081 Hereum
898 3012 1074 3097 cogitarem
1092 3008 1182 3076 Dux

338 3097 491 3183 optime,
509 3106 539 3171 a
561 3100 835 3191 perhorrescerem
861 3097 968 3164 casum
993 3093 1182 3183 propinqui

340 3187 527 3255 certaminis
538 3213 621 3266 ,uon
636 3189 805 3258 immerito
815 3196 833 3274 (
843 3202 880 3253 ut
891 3184 1032 3250 arbitror
1044 3184 1064 3266 )
1078 3182 1183 3265 quie·

209 3358 212 3365 Ι
342 3276 855 3368 temanimououpercipiebam.
879 3274 975 3339 Nuut
990 3289 1065 3358 para
1092 3266 1182 3332 milri

342 3358 456 3445 aliqua
477 3366 608 3433 timorit
628 3369 781 3453 adempta
803 3363 867 3439 est,
889 3362 913 3424 li
934 3363 1004 3426 Rex
1028 3355 1183 3422 hostiurn

344 3454 415 3534 (ut
436 3455 553 3537 aiunt)
575 3456 617 3518 arl
638 3455 814 3522 exercitum
835 3470 898 3517 non
921 3449 966 3514 all
993 3456 1184 3510 venturu·-

343 3542 607 3641 stuanquambia
620 3543 733 3635 pararit
753 3539 868 3607 diebus
889 3533 1045 3602 contrarii
1058 3550 1184 3599 venere

777 3644 780 3651 ·
1097 3638 1191 3684 uun·
