2534 4342
226 478 228 487 ,
323 407 399 487 'ni
507 402 704 482 Jnoool
744 404 1047 480 annontui

358 503 419 566 bre¹
431 497 513 563 mihi
528 513 565 560 ac
593 494 753 560 familiare
768 496 801 561 in
817 497 952 564 meliore
977 498 1121 566 cenanda
1137 496 1194 565 va'i

361 588 509 651 letudine
534 582 716 667 sequutus,
744 587 864 674 quippe
889 607 987 670 quam
1000 608 1103 673 prope
1122 608 1194 652 om.

362 695 435 738 nem
451 671 643 750 amiserant}
669 675 774 758 prima
790 677 920 759 quidem
939 695 1009 741 mea
1023 675 1086 740 suit
1100 693 1194 749 cura:

362 775 401 824 ut
415 765 521 827 fierem
533 760 599 844 ipse
612 763 833 827 confirmatior
848 807 858 837 ,
873 765 963 847 qnod
980 764 1043 828 Dei
1060 765 1194 827 immor·

364 847 447 912 talis
460 851 613 915 beneficio
627 856 657 918 Sc
670 855 862 916 amoenitate
873 853 970 938 hujus
984 853 1047 918 loci
1060 851 1194 916 celeriut

367 938 506 1024 adeptus
525 937 593 1002 sum
608 984 619 1015 ,
633 959 730 1023 quam
745 956 781 1005 ut
795 940 958 1006 videretur
970 940 1087 1028 sperari
1102 940 1194 1004 debe·

364 1048 400 1090 re
414 1069 424 1100 ,
451 1041 544 1090 tanto
557 1027 734 1113 pracsertim
749 1047 791 1092 ex
806 1033 942 1103 morbo,
963 1045 1098 1110 tamque
1113 1046 1194 1091 acen

368 1113 420 1176 bic
434 1114 658 1179 intestinorum
674 1115 847 1178 doloribus
863 1155 872 1174 ·
896 1117 1062 1181 Continuo
1088 1131 1194 1180 autem

368 1216 408 1266 ut
420 1201 565 1271 validior
577 1203 710 1266 effertus
725 1203 818 1276 sum,
840 1202 871 1264 in
884 1203 1019 1266 alteram
1038 1203 1129 1266 illam
1143 1223 1194 1266 co·

370 1290 562 1374 gitationem
578 1313 628 1354 me
646 1292 796 1364 contuli,
820 1304 857 1351 ut
871 1292 1008 1355 redirem
1029 1311 1102 1353 cum
1118 1289 1194 1352 meir

368 1381 515 1463 antiquis
526 1378 718 1454 sodalibus,
750 1376 863 1442 bocest
883 1399 955 1442 cum
973 1376 1067 1439 libris
1080 1377 1111 1439 in
1126 1395 1194 1461 gra·

366 1466 599 1549 tiam.lt·aque
614 1466 874 1533 scitonunceam
894 1464 1194 1550 medareillisope·

281 1621 284 1626 ὅ
365 1574 463 1630 ram,
484 1571 599 1620 utnon
622 1556 911 1624 babeantcautiam
934 1553 1020 1634 julie
1047 1553 1194 1618 adversor

366 1663 418 1706 me
442 1642 717 1730 querelaetneque
742 1645 827 1708 enim
851 1661 996 1725 unquam
1022 1641 1143 1727 majore
1168 1640 1194 1702 in

365 1734 475 1814 pretio
493 1731 578 1817 apud
604 1734 804 1798 meluerunt
828 1776 837 1804 ,
877 1751 973 1816 quam
1001 1751 1083 1794 nunc
1107 1725 1194 1792 sunt·

255 1862 271 1869 -
367 1818 477 1900 Quare
495 1817 584 1900 quod
601 1819 741 1887 hiemem
761 1820 859 1883 inhia
887 1821 970 1883 locic
998 1815 1078 1887 milri
1107 1836 1194 1899 agen·

371 1905 446 1966 dam
472 1907 532 1967 clie
547 1905 698 1987 intelligo
711 1931 731 1978 ,·
744 1919 853 1972 totum
869 1911 929 1968 boc
945 1922 1074 1988 tempus
1087 1911 1194 1981 iucun·

371 1991 411 2054 de
440 1995 469 2059 dr
497 1989 634 2054 comiter
660 1990 822 2055 cumillis
849 1993 1043 2060 traducam.
1071 1989 1194 2076 Scripsit

369 2079 503 2167 quidem
534 2077 617 2159 milri
648 2075 854 2166 amplillirnus
887 2081 1052 2144 Farnefius
1083 2075 1194 2149 summi

367 2164 539 2232 Pontificio
552 2163 673 2241 verbis,
693 2183 729 2231 ut
744 2165 882 2231 redirem
900 2169 1052 2241 Romam,
1065 2161 1194 2230 caullal'·

368 2277 432 2342 que
443 2258 540 2333 huius
552 2253 738 2322 vocationis
752 2252 919 2338 adscripsit
935 2293 943 2318 .
968 2255 1028 2318 Sed
1042 2276 1104 2321 nun
1121 2251 1194 2316 mih:

242 2354 244 2358 ”
273 2401 275 2405 ⁴
340 2383 342 2389 ·
373 2344 442 2410 suit
468 2342 638 2414 excusatio
660 2344 790 2429 longius
814 2344 973 2427 petenda:
990 2344 1034 2406 eli
1058 2341 1144 2407 enim
1168 2341 1194 2405 it

371 2443 528 2520 promptu
545 2451 558 2506 ,·
582 2432 670 2512 quod
685 2430 799 2513 grandi
812 2431 922 2496 alieno
944 2454 1001 2495 oerc
1013 2427 1194 2518 oppressus,

371 2531 551 2599 utrumque
571 2517 665 2580 simul
679 2538 743 2585 non
754 2537 863 2600 queo,
892 2519 1118 2584 &satisfacere
1134 2537 1194 2581 cre·

370 2604 562 2680 ditoribu9‚
585 2605 656 2670 &in
671 2605 756 2669 Urbe
770 2604 978 2668 domicilium
993 2608 1130 2672 habere,
1145 2607 1194 2668 har

370 2691 547 2782 prasertim
562 2693 721 2757 duriifima
733 2692 920 2758 conditione
932 2708 1194 2780 temporum‚cun

368 2787 482 2850 Rornae
496 2803 578 2846 nunc
590 2781 756 2866 permagni
773 2780 881 2845 omnia
894 2794 1030 2853 veneant
1044 2823 1053 2843 .
1069 2781 1149 2843 lleic
1169 2796 1194 2842 tt

370 2871 500 2947 fortasse
510 2871 681 2943 verebere,
705 2885 743 2931 ne
757 2869 837 2952 qnid
849 2891 909 2954 ego
925 2868 1130 2952 indignitatis
1145 2867 1194 2929 ad·

372 2957 540 3031 miserim,
569 2958 659 3041 quod
673 2957 715 3019 fir
733 2970 827 3044 turpe
838 2958 953 3021 studiis
964 2957 1079 3030 nostris
1091 3000 1101 3030 ,
1115 2957 1194 3038 qual

371 3043 508 3130 'captant
527 3044 632 3110 liuell'i
656 3043 808 3126 aliquid,
833 3045 1069 3117 &donativum
1085 3042 1194 3116 militi:

375 3152 467 3196 more
489 3132 647 3214 liguriens
665 3175 673 3194 .
699 3131 777 3194 Noli
793 3144 931 3194 metuere
945 3149 957 3208 ς
969 3184 972 3188 .
985 3152 1049 3215 non
1076 3151 1137 3213 ego
1151 3128 1194 3194 so·

373 3218 443 3282 lum
466 3216 659 3283 animosum
676 3217 819 3280 abomni
846 3216 1032 3302 hujusmodi
1050 3219 1194 3284 foeditati

373 3309 585 3372 remotiliimo
596 3348 606 3378 ,
621 3305 803 3388 verumipsr
820 3308 917 3379 etiarn
934 3327 985 3369 me
1001 3305 1107 3377 sciunt
1123 3303 1194 3384 alie·

372 3414 452 3458 num
468 3396 553 3458 elie.
577 3394 727 3458 Minoem
753 3394 809 3455 fibi
824 3392 1059 3460 excusatoriam
1074 3394 1194 3478 Episto

373 3478 487 3555 lam,li
501 3496 532 3543 te
547 3501 615 3543 eam
632 3481 770 3545 libenter
784 3483 843 3547 elle
857 3482 1012 3546 lecturum
1027 3479 1194 3548 existimas

338 3572 340 3576 ’
371 3562 462 3665 ζέω·
485 3569 578 3638 Nune
590 3569 795 3667 quandojarn
808 3592 868 3659 rgo
880 3586 1022 3650 anteiret
1035 3591 1157 3734 ῡογμιῗ
1171 3567 1194 3630 il
