2534 4342
333 333 881 408 uptsuotuunnltulnunm
946 339 1049 420 'tn'

201 423 481 493 ,exercitationem
496 468 508 500 ,
523 443 560 491 ut
576 423 683 512 sepea
697 429 801 491 Paulo
811 425 987 514 repetitum
999 431 1052 492 le·

209 512 319 598 gimue
333 558 361 589 ,a
382 511 559 600 sepiusque
584 516 679 580 bonis
700 514 881 583 inferuntur
911 534 929 579 a
953 520 1053 592 Deo,

211 620 310 684 quant
328 603 453 666 malie.
476 601 645 687 Siquidem
659 618 792 688 oportet
815 603 935 669 Chrilli
952 603 1054 693 secla·

206 701 304 753 ,toree
322 691 426 753 multa
441 689 473 754 in
484 693 544 755 hot
559 691 628 775 pati
645 688 780 769 seculo,
804 705 842 755 ut
864 693 1056 755 confirment

149 810 155 826 »
198 788 287 861 'erga
303 775 333 843 le
349 777 567 864 prorniffionee
580 778 663 853 Dei,
677 779 958 861 quemadmodum
975 776 1056 841 leri⁴

210 882 316 952 pturar
342 868 435 933 lacre
450 865 567 931 multia
581 866 613 931 in
628 866 710 931 locis
725 868 880 932 testantur
893 909 901 930 .
928 865 1058 929 Deinde

213 953 334 1030 multi,
354 954 412 1040 qui
436 956 545 1038 gravia
570 953 765 1039 &improba
784 955 886 1021 multa
913 952 1058 1018 admise-

212 1057 312 1116 runt,
335 1043 507 1130 postquam
520 1042 684 1108 redierunt
709 1045 749 1106 ad
768 1063 823 1110 cor
835 1048 865 1110 u
891 1064 931 1117 ex
948 1041 1057 1129 poeni·

215 1130 361 1199 tentiaio
381 1130 529 1215 gratiam.
542 1127 615 1193 lunt
627 1129 796 1207 restituti,
819 1149 932 1219 poenas
946 1147 1058 1195 tamen

215 1216 350 1285 basceio
364 1224 423 1284 hae
436 1218 504 1282 vita
515 1217 698 1302 effugerunt
712 1263 724 1294 ,
749 1219 782 1283 in
796 1240 866 1302 quo·
876 1219 953 1285 elset
964 1238 1058 1301 que·
1128 1270 1131 1275 .

214 1307 291 1379 dam
308 1309 397 1390 quast
417 1306 574 1384 iniustitia
596 1303 715 1370 summi
740 1308 880 1385 judicie,
907 1307 1059 1371 sinullae

193 1446 195 1450 .
217 1393 355 1479 usquam
367 1396 402 1464 hi
417 1390 581 1463 solverent
595 1408 800 1478 peccatorum
812 1413 927 1480 poenae
943 1394 1060 1468 ,διαί-

213 1483 407 1548 mirumnili
423 1502 525 1570 poenae
544 1483 576 1546 in
595 1483 787 1568 purgatorio
798 1481 993 1547 abeuntibus
1008 1480 1062 1544 his

217 1592 257 1639 ex
270 1574 328 1637 hac
339 1572 434 1646 vita,
449 1587 634 1661 quanquam
650 1587 668 1633 a
680 1569 776 1657 culpa
793 1568 979 1646 absolutis„
996 1569 1060 1634 sunt

218 1663 417 1747 propositae,
430 1661 482 1746 (li
497 1671 604 1724 tamen
619 1677 722 1743 poene
737 1658 936 1746 appellendur
963 1657 1064 1732 sunt,

217 1769 289 1833 que
302 1769 364 1814 non
382 1748 520 1834 puniunt
534 1745 589 1814 led
605 1761 745 1832 purgant
758 1748 942 1833 ),videatur
954 1744 1061 1813 vacil-

220 1836 289 1902 lare
305 1837 368 1902 Dei
382 1836 538 1903 severitas
549 1841 579 1906 dt
591 1833 714 1920 justitia
730 1881 741 1912 ‚
761 1843 853 1917 enjus
863 1836 949 1901 ratio
964 1832 1061 1900 reddi
1121 1858 1124 1863 ·

217 1927 334 1990 idonea
346 1924 435 1989 nulla
450 1925 565 2013 potest,
582 1925 793 2006 quamobrem
807 1927 975 2003 eueodem
990 1921 1061 1988 see·

219 2014 286 2077 lere
302 2015 330 2077 is
348 2013 379 2076 in
391 2015 450 2078 hac
466 2009 648 2079 vitaaDeo
658 2013 841 2101 puniatur,
866 2013 924 2080 ille
947 2014 1059 2096 impu·

219 2101 310 2166 nitur
327 2101 448 2166 evadat
465 2145 475 2175 ‚
500 2101 557 2164 nisu
576 2143 587 2174 ,
610 2101 699 2186 quod
711 2106 739 2169 ἃ
751 2104 889 2189 impium
903 2102 946 2168 ell
961 2098 1061 2163 itade

217 2191 294 2257 Deo
308 2190 493 2274 cogitata&
507 2187 539 2252 in
550 2188 745 2275 ‚purgatorio
756 2211 847 2273 equa
862 2185 1063 2252 litomnium
1101 2192 1104 2196 ’

219 2275 468 2362 compensatio.
485 2275 641 2353 Deinde,
655 2276 758 2361 euius
773 2278 851 2345 ellet
866 2275 987 2341 erroris
1002 2293 1059 2337 ac·

220 2356 409 2430 cerserelibi
433 2362 623 2450 quempiam
645 2362 812 2452 presentia
833 2363 983 2452 eorporis
1001 2360 1062 2427 iu·

222 2453 396 2517 commoda
406 2498 417 2530 ,
443 2468 480 2519 ut
509 2454 616 2518 futura
631 2451 738 2520 in'hae
751 2455 864 2522 eadem
880 2454 949 2520 uita
965 2448 1061 2516 devi-

221 2551 329 2616 taret,
342 2541 499 2626 ieiunare,
515 2542 644 2630 algere,
656 2541 770 2607 sudare
786 2541 959 2621 ,bonelua
973 2538 1061 2605 etar-

223 2627 285 2714 giri
299 2673 309 2703 ,
334 2647 373 2695 ut
394 2646 619 2716 paupertatem
645 2630 855 2718 inposterum
878 2633 1063 2715 effugeret,
1101 2651 1106 2659 ·

222 2729 259 2779 ut
274 2738 445 2785 utrumnam
461 2761 472 2792 ,
498 2715 693 2801 otvigiliarn
707 2763 718 2794 ‚
745 2731 781 2780 ut
795 2720 912 2783 lumem
927 2710 1065 2805 prasen-

223 2807 299 2880 tim,
314 2827 383 2889 qua
397 2807 528 2872 lorsrtan
543 2825 605 2870 non
619 2805 717 2868 effeut
727 2822 893 2878 eventura,
903 2810 983 2871 fient
994 2824 1063 2876 nou
1119 2864 1121 2866 ,

223 2893 396 2964 omnibus,
423 2891 484 2974 qui
501 2905 692 2978 percat-nott
714 2891 897 2976 eveniunt?
913 2897 986 2961 Non
1001 2913 1062 2960 to·

223 2981 379 3047 haererent
394 2979 474 3054 ista,
498 2979 794 3065 steffugiendarum
815 2987 912 3061 huius
933 2993 1063 3049 tantum

222 3068 299 3135 vite
313 3071 544 3156 temporalium
557 3086 725 3156 poenarum
736 3068 828 3136 cansa
840 3065 1069 3157 poenaequas·
1104 3107 1106 3110 >

224 3156 303 3221 dam
329 3159 424 3224 nobis
446 3160 478 3227 io
501 3156 721 3225 satisfattione
734 3201 745 3233 ,
774 3160 978 3226 voluntarias
1000 3162 1063 3224 ad-

224 3244 435 3311 scisceremm
452 3247 533 3314 .Sed
548 3253 613 3314 laet
629 3267 728 3335 opera
743 3245 978 3314 satielallionie
991 3247 1064 3316 sul·

224 3332 389 3420 cipiantur
413 3338 522 3402 omnia
536 3379 549 3412 ,
563 3336 719 3422 primum
739 3336 977 3403 obedientie&
1000 3342 1068 3402 nuc

227 3421 383 3492 militarit
399 3424 492 3491 caula
505 3467 517 3500 ,
529 3427 604 3491 Deo
613 3424 737 3493 euim&
752 3424 914 3490 sacerdoti
924 3425 965 3488 sue
980 3448 1068 3511 pre-

225 3507 360 3601 ripieuti
384 3516 680 3610 obtemperamus,
708 3512 859 3674 ἒεῐόῠᾶθ»
883 3527 923 3589 ut
944 3514 1068 3600 ⁸¹3q¹⁸⁴⁷

739 3635 741 3638 .
1002 3623 1067 3680 Μ
1088 3639 1090 3641 .
