2534 4342
355 378 419 439 216
515 367 723 440 JACOBI
770 368 1060 436 SADOLETI

357 475 450 526 ratus
465 458 527 522 fit.
553 459 613 521 Sed
629 457 876 520 hechaciemte.
899 458 973 540 Ego
998 479 1071 521 cum
1088 466 1194 523 tecum

357 550 521 636 postremo
545 547 712 611 Avenione
735 545 866 608 locutus
887 542 987 617 sum,
1013 543 1104 609 visus
1134 543 1194 610 sun

357 637 469 702 videre
490 633 667 720 imaginem
698 633 730 694 io
751 649 783 695 te
798 633 901 716 'quast
932 630 1157 698 florescentem
1174 634 1194 696 it

358 738 453 789 etate
465 721 563 786 viridi
578 764 589 796 ,
614 720 748 804 egregie
773 719 967 804 gravitatis,
996 726 1065 797 ejus
1078 720 1194 786 videli·

358 825 438 886 cet,
469 829 539 892 quae
559 810 702 874 maxime
724 807 808 873 solet
829 811 940 873 decere
964 808 1194 882 nobilitatem„

357 920 428 984 que
442 897 480 960 fit
490 917 563 960 cum
573 893 777 962 humanitate
787 896 1009 979 comitateque
1020 901 1194 977 coniuncta.

355 989 472 1070 Itaque
484 997 630 1050 temate
649 985 760 1067 gaudii
773 984 889 1068 plenus
908 983 1048 1058 discessi,
1071 1009 1128 1052 nec
1145 987 1194 1052 de

354 1073 544 1161 ssitipostea
561 1071 675 1138 hocde
693 1084 724 1138 te
749 1076 778 1138 ce
800 1069 917 1137 sentire
943 1075 972 1140 Sc
999 1075 1176 1159 praedicare

353 1160 450 1235 Nunc
468 1158 573 1231 Cesar
593 1158 781 1224 Trivultius
806 1159 989 1245 Episcopus
1003 1161 1194 1237 Comeosm¹

355 1248 414 1326 vir¹
425 1249 539 1312 doctus
556 1251 590 1315 ἃ,
600 1246 760 1333 prudens,
778 1245 925 1312 reversus
939 1247 956 1313 ἒ
970 1247 1094 1322 Gallia,
1107 1248 1194 1313 idem

356 1337 406 1402 ait
423 1340 453 1405 δι
468 1334 527 1399 tibi
545 1336 813 1420 &compluribus
827 1357 940 1398 eorum
955 1380 966 1411 ,
983 1337 1039 1419 qui
1056 1335 1194 1416 judicare

356 1422 488 1501 sciunt,
511 1425 545 1487 in
559 1420 634 1486 auia
650 1424 772 1510 Regis,
794 1444 867 1487 cum
883 1422 960 1489 issac
975 1424 1036 1489 iter
1054 1425 1194 1500 fecissem

357 1511 448 1578 fuisse
475 1509 609 1585 visum,
633 1531 848 1597 magnamque
861 1512 1050 1596 opinionem
1065 1518 1093 1580 ἃ
1111 1512 1194 1598 spem

358 1601 399 1667 de
424 1615 480 1664 tm
505 1600 617 1664 sutura
643 1601 779 1666 virtutis
804 1601 1050 1686 amplitudine,
1076 1601 1108 1663 in
1136 1619 1194 1684 qm

357 1707 434 1754 veta
446 1687 525 1752 inest
542 1685 711 1771 dignitas,
735 1687 900 1753 inanimis
918 1687 1101 1752 multorum
1118 1708 1194 1753 con·

356 1791 484 1861 ceptam
504 1775 588 1841 esse.
612 1776 715 1855 eujus
729 1779 796 1842 hec
813 1775 967 1842 oratio&
992 1775 1031 1838 de
1056 1790 1088 1840 te
1106 1776 1194 1840 testi·

355 1865 530 1938 monium,
553 1859 722 1951 pristinam
738 1864 830 1928 issem
845 1862 946 1926 animi
964 1861 1027 1927 mei
1044 1863 1194 1927 letitiam

356 1951 554 2027 renovavit.
614 1952 672 2016 oid
689 1951 776 2016 enim
791 1948 835 2015 est
848 1952 938 2035 quod
954 1946 1088 2018 auribus
1113 1949 1194 2013 meio

358 2038 503 2105 accidere
520 2040 610 2126 poffit
623 2035 826 2126 jucundius?
851 2039 904 2103 Tu
918 2040 995 2106 vero
1013 2037 1113 2100 macte
1128 2037 1194 2100 vir«

359 2140 453 2204 tute,
476 2129 533 2212 qui
549 2142 617 2192 tam
633 2127 808 2213 diligenter
834 2125 997 2215 exprimps
1021 2123 1194 2188 domestica

356 2217 507 2304 exempla
524 2219 553 2284 ἃ
564 2217 784 2304 prudentio&
801 2213 975 2300 gravitatis
991 2256 1000 2277 .
1026 2213 1073 2276 Et
1095 2211 1194 2275 nimi.

359 2322 432 2368 tum
462 2302 555 2370 nulla
582 2304 625 2368 est
653 2304 776 2391 species
814 2303 949 2388 usquam
983 2299 1194 2393 presiabiiioe

358 2390 459 2474 quim
483 2389 719 2458 humanitatem
735 2411 807 2456 cum
834 2392 994 2478 gravitate
1008 2388 1054 2452 ita
1082 2389 1194 2452 habere

358 2491 571 2562 temperatam
588 2518 598 2550 ,
617 2492 654 2542 ut
667 2477 768 2540 altera
786 2478 880 2544 alteri
897 2498 960 2544 noo
976 2478 1078 2542 modo
1091 2476 1194 2560 impe·

281 2583 285 2588 ·
356 2566 506 2631 dimento
519 2562 625 2639 nolli,
650 2563 704 2629 sed
718 2565 826 2628 decori
841 2565 941 2629 etiam
956 2569 986 2632 δι
1001 2578 1194 2630 ornamento

354 2654 470 2740 potios
485 2656 523 2717 stt
538 2692 547 2713 ·
563 2650 718 2717 Difficilis
732 2651 866 2715 omnino
881 2671 944 2725 ree,
960 2650 1014 2717 sed
1031 2652 1063 2716 in
1080 2671 1145 2735 quo
1160 2669 1194 2716 ea

355 2742 464 2816 inest,
487 2742 517 2806 it
529 2738 643 2805 divino
654 2741 797 2825 quodam
813 2737 997 2825 spectaculo
1010 2737 1125 2806 oculos
1143 2751 1194 2801 at·

356 2850 422 2916 ,que
436 2830 563 2895 animos
579 2831 748 2894 hominum
760 2829 947 2893 cunctorum
963 2826 1171 2892 commoveat
1184 2869 1194 2901 ,

356 2918 476 2983 necesse
502 2918 567 2981 est.
592 2916 693 3002 Cujus
718 2931 749 2982 te
763 2917 803 2980 ab
817 2916 970 3001 ingenio,
993 2919 1059 2982 &a
1080 2927 1194 2981 natura

356 3003 581 3089 preclariffimi
594 3004 693 3078 doni,
708 3018 893 3087 compotem
906 3009 971 3082 iam
988 3003 1105 3066 sactum
1119 3003 1194 3078 esse,

356 3090 626 3157 vehementissimi
640 3090 757 3160 lotor:
782 3090 843 3161 sed
860 3092 899 3155 de
914 3091 965 3155 hic
976 3089 1075 3154 etiam
1087 3086 1193 3158 satie,

355 3175 448 3242 llsud
463 3179 580 3241 amabo
598 3191 654 3252 te,
669 3180 715 3242 mi
729 3178 862 3253 Fames,
884 3175 1005 3262 suscipe
1016 3217 1026 3248 .
1039 3174 1194 3262 &supple

356 3270 447 3347 quod
465 3264 546 3330 mihi
562 3264 673 3338 deest,
698 3280 735 3330 ut
753 3269 835 3349 quae
852 3285 912 3350 ego
924 3262 1021 3351 digne
1041 3261 1194 3349 nonpos-

357 3351 454 3429 sum,
480 3369 516 3419 tu
545 3353 696 3418 Pontifici
718 3353 869 3422 Maximo
892 3374 957 3418 non
981 3350 1062 3416 meis
1086 3349 1194 3417 solum

351 3443 482 3514 verbis,
507 3439 563 3509 sed
592 3454 651 3506 tuo
674 3440 775 3506 etiam
800 3439 929 3523 nomine
943 3457 1021 3524 agac
1044 3441 1193 3523 gratias.

347 3524 434 3615 Nem
448 3551 517 3615 que
534 3526 575 3596 ad
588 3547 650 3599 noe
666 3531 706 3599 ab
727 3527 790 3599 islo
801 3527 1193 3625 beneficia-psosccicsuut

434 3682 437 3687 .
482 3652 485 3659 ·
893 3637 895 3641 ·
1151 3633 1191 3681 ca
