2534 4342
362 390 586 458 EPISTOLAE‘
607 391 905 461 Fntrtttnnssta
1013 415 1049 476 53

221 495 293 552 rer,
307 477 348 540 ad
365 485 430 544 bac
442 478 510 564 ipsa
521 482 651 565 negotia
665 482 858 548 videlicet&
870 483 1053 565 Germaniae

217 569 247 632 St
267 568 528 645 Lutheranotum-
537 568 752 653 pertinentem
767 610 775 630 .
789 571 839 634 De
850 568 1057 652 quaoratio·

204 672 256 714 -ne
274 667 345 716 tum
361 655 496 739 Georgii
512 656 609 739 ipsrus
621 656 765 743 optimi,
788 655 957 721 dooiffimi
967 699 977 730 ,
1003 678 1056 720 re·

216 738 402 821 ligiosrtiimi
419 743 601 828 principie,
624 758 696 806 tum
722 758 817 809 tuum
843 744 941 809 etiam
964 743 1058 828 judi-

217 827 304 890 tium
318 830 526 912 exquirebam
543 832 728 900 :edendune
740 832 800 894 effe
810 830 997 904 videretur,
1012 850 1059 896 an

215 915 331 996 potius
348 917 443 978 domi
462 917 681 988 continenda:
696 919 786 1000 quod
810 931 851 981 ut
874 919 977 1002 magis
990 941 1056 1002 pu·

214 1017 280 1065 tem
294 1019 355 1067 tuae
373 1002 474 1069 liretae
498 1005 645 1071 faciunt.
676 1005 813 1090 Scripta
825 1004 918 1069 enirn
936 1008 1011 1070 sunt
1024 1010 1058 1071 Su

214 1104 369 1155 accurate
392 1096 421 1157 ἃ
442 1095 642 1177 prudenter.
667 1091 809 1156 Videtur
829 1094 914 1157 enim
936 1100 1060 1181 (queq

215 1177 432 1241 madmodum
448 1192 518 1244 tute
536 1178 683 1262 scribis)
704 1179 902 1264 disceptatio
916 1186 958 1243 ad
971 1202 1059 1255 voe,

214 1264 327 1331 advos
345 1281 454 1329 autem
469 1267 636 1345 judicatio
655 1269 758 1352 magia
772 1267 932 1352 pertinere
951 1313 960 1332 .
984 1270 1059 1343 lta-³

214 1369 278 1432 que
292 1375 352 1438 ego
368 1398 379 1429 ‚
402 1352 459 1437 qui
487 1355 527 1419 de
542 1369 599 1418 tua
616 1355 849 1422 &dotiriuaSe
866 1356 1057 1438 probitate,

215 1437 342 1526 semper
354 1442 482 1525 optime
495 1440 593 1507 senii:
612 1462 695 1505 nune
720 1443 822 1507 ethis
840 1440 947 1505 literis
963 1444 1056 1516 tuit,

215 1528 246 1591 Se
261 1551 301 1593 ex
315 1547 354 1591 eo
367 1527 505 1602 libello,
532 1547 628 1611 quem
653 1529 696 1590 ad
721 1526 1057 1603 sturmiummibsti,

213 1613 271 1694 qui
287 1634 304 1676 a
319 1615 486 1686 meletius
503 1615 628 1680 summa
639 1633 711 1677 cum
723 1614 899 1696 voluptate
912 1616 956 1676 est
971 1659 982 1691 ,
997 1616 1061 1678 ad.

211 1700 285 1762 didi
310 1701 411 1765 etiam
434 1700 560 1785 aliquid
586 1700 627 1762 ad
653 1699 840 1783 opinionem
867 1700 1060 1784 pristinam·

212 1786 295 1850 Non.
306 1786 391 1848 enim
408 1785 513 1852 solum
527 1786 607 1849 mibi
622 1789 727 1862 doffte,
740 1808 853 1852 verum
869 1789 967 1853 etiam
984 1811 1059 1854 mo-

212 1871 1057 1962 derate&leniterscribetevideriszquamegoscri-

213 1961 316 2025 bendi
330 1960 534 2028 rationem&
558 1968 644 2026 viam
659 1963 832 2050 imprimit
848 1963 1058 2052 probatesoq

211 2046 291 2112 leo.
319 2049 484 2114 Dederam
510 2049 582 2116 sane
596 2073 657 2134 ego
672 2072 804 2138 quoque
819 2055 860 2115 ad
871 2055 1054 2122 sturmium

209 2135 346 2212 literae,
360 2160 433 2202 eum
447 2137 561 2203 leniter
574 2139 749 2224 objurgant
763 2160 772 2204 t
786 2160 923 2224 quarum
938 2165 1054 2208 exem·
1107 2156 1109 2160 ‘

213 2223 306 2306 plum
334 2229 403 2292 mist
419 2229 461 2288 ad
484 2239 538 2300 te,
564 2228 634 2287 utst
656 2227 717 2288 tibi
738 2226 840 2289 etiam
863 2228 1057 2293 viderentur

208 2311 438 2394 invulgandee,
462 2325 521 2374 tuo
548 2313 708 2375 arbitratu
729 2311 908 2380 statueres·
945 2314 1054 2378 Decet

209 2397 371 2462 enimnos
398 2400 531 2463 istorum
547 2397 754 2466 Insolentiam
780 2421 844 2466 non
863 2398 1053 2486 exasperare

210 2484 372 2550 convitiis
387 2497 479 2569 ,quo
493 2489 649 2573 ingruere
664 2489 805 2554 maxime
821 2489 976 2555 exultant
990 2490 1052 2579 ipfi

207 2569 736 2652 seomansuetudineretundere,
762 2579 853 2660 quod
879 2577 1051 2668 proprium

206 2660 345 2725 officium
372 2663 544 2728 Christiani
560 2664 704 2728 hominis
734 2666 799 2728 est.
824 2669 877 2731 De
906 2667 1050 2731 concilio

207 2746 295 2834 spem
310 2770 374 2814 non
386 2751 497 2824 amifi,
519 2753 596 2816 bene
610 2751 699 2816 enim
714 2748 818 2816 sentio
834 2754 874 2815 de
889 2752 1048 2818 Pontifice

207 2836 364 2899 martimo.
383 2837 455 2901 Haec
470 2850 556 2901 cer-te
569 2837 729 2920 postrema
742 2845 813 2916 ejus
825 2840 1054 2927 prorogatio..

208 2925 446 3008 rogantibus&
463 2923 910 2989 contendentibusambobua
925 2925 1051 3012 prinei·

206 3013 337 3098 pibus,
369 3011 451 3073 faeta
476 3008 538 3075 est.
567 3011 680 3100 Quare
706 3034 766 3098 ego
791 3031 921 3097 quoque
940 3012 982 3074 ad
1013 3013 1051 3083 id

205 3097 388 3183 temporie,
409 3117 477 3181 quo
491 3095 722 3185 auspicandum
740 3098 995 3172 conciliumest,
1012 3101 1049 3169 in

204 3186 304 3253 Italia
320 3187 379 3250 effe
391 3185 524 3272 cogito.
551 3186 726 3252 bibentum
742 3187 892 3270 Pighium
910 3191 1048 3263 ,homi-

203 3295 275 3338 nem
295 3293 369 3340 meo
383 3293 515 3357 quoque
539 3274 664 3351 judicio
680 3275 915 3353 dottiffimurn,
943 3279 1055 3342 audio.

203 3383 244 3426 ex
259 3375 292 3425 te
304 3360 407 3426 libros
422 3360 556 3426 edidisse
568 3363 607 3428 de
620 3363 764 3426 Eiciefiae
776 3363 961 3451 Principatu
972 3367 1043 3450 ωε

695 3452 775 3534 Cg,
884 3476 886 3480 ·
955 3472 1041 3536 quos

215 3677 218 3683 ·
239 3641 293 3714 (⁸)
308 3636 1053 3725 Lege-totgtuaptn.cccx1xghuiupmnwa..

390 3804 429 3816 —d
