2534 4342
354 407 576 478 EPISTOLAE
599 407 886 480 FAMILIARES.
999 417 1037 484 'ar

208 501 438 572 reconfidat,
462 498 554 584 prinis
576 500 614 561 fit
640 502 922 576 conturbandum,
944 520 1043 587 quam

208 586 355 651 subsidio
388 588 500 672 aliquo
522 585 712 650 sublevetur
738 591 949 655 necrffitative
976 597 1044 670 eiua

206 674 447 744 subveniatur.
475 674 710 755 Itaquesiatuo
733 674 832 760 ipsius
859 676 1043 744 liberalita-

207 779 277 835 tem
292 762 457 837 afferendo
468 760 522 825 eri
532 761 639 824 alieno
654 761 760 824 multo
770 765 929 850 aptiorem
955 770 1040 840 elle,

210 864 311 936 quam
322 848 543 913 dillolvendo.
554 848 726 939 Quicquid
738 862 843 918 temen
857 851 931 916 inde
948 873 1042 918 com-

206 938 310 1003 rirodi
316 937 359 1000 ad
372 957 430 1001 noa
447 937 648 1022 pervenerit,
676 937 711 1001 id
727 949 834 1003 tntum
850 960 869 1004 a
886 955 918 1005 te
931 943 1043 1024 profe·

209 1028 299 1090 (tum
309 1023 487 1112 judicabo.
503 1024 592 1089 Meae
603 1024 735 1089 interim
749 1026 910 1112 angustiat
922 1036 941 1115 (
952 1028 1044 1110 quod

208 1110 377 1205 nunquam
394 1113 538 1174 futurum
555 1114 741 1197 putassem)
757 1132 864 1181 amare
878 1115 1044 1201 incipiam:

176 1256 179 1263 .
207 1222 281 1287 que
298 1200 379 1279 milri
392 1197 517 1277 eausam
530 1200 644 1264 liarum
668 1198 837 1267 literarum
854 1200 1013 1268 dederunt
1031 1244 1042 1266 .

210 1289 379 1376 Optabam
388 1285 548 1370 siquidem
569 1290 634 1366 jam
650 1286 782 1373 pridem
807 1288 957 1355 Sadolete
987 1288 1039 1355 vir

174 1424 178 1433 .
210 1376 361 1441 omnium
372 1372 556 1449 saneliffime
570 1387 689 1457 ,atque
703 1374 875 1440 domiffime
885 1419 896 1450 ,
908 1391 941 1440 te
955 1376 1039 1439 meir

208 1463 319 1529 literis
333 1459 529 1547 compellare
542 1460 666 1543 :idque
687 1465 730 1525 oli
753 1480 824 1527 eam
843 1481 938 1527 unam
965 1479 1042 1526 tau·

208 1551 279 1625 sam
292 1592 303 1624 ,
318 1563 355 1614 ut
366 1563 440 1614 tuaa
464 1546 613 1611 elicerem
639 1546 752 1611 literae
766 1549 857 1612 acar
878 1549 965 1612 enim
981 1570 1042 1633 ego

209 1637 393 1724 eupiditate
408 1654 471 1699 non
487 1635 619 1700 ardeam
630 1634 855 1717 ,utaliquoin
874 1633 1042 1701 loeo-seri-

208 1740 345 1814 ptnrum
361 1741 519 1806 tuorum,
539 1741 657 1788 nomen
680 1722 784 1787 interi
799 1724 888 1807 pouit
902 1743 1006 1788 meum
1024 1721 1038 1786 i

208 1810 1041 1967 333¹„‘zalal‘1‘llall‘“:lllill?5333*

330 1968 333 1978 .
373 1948 383 1963 ·
451 1939 464 1971 a
665 1942 677 1974 a
1024 1929 1043 1948 '¹

210 2009 269 2054 nea
293 2029 305 2064 ‚
326 2001 402 2057 etat
415 1997 484 2061 ¹tara
508 1987 670 2053 ineidillet
692 2006 766 2051 cum
794 1988 909 2052 multia
933 1998 1043 2051 tamen

209 2093 376 2160 nunquam
393 2086 579 2140 numeratur
590 2074 719 2140 fuisses.
732 2076 778 2139 Ea
797 2075 1042 2148 verodoelrina,

209 2182 249 2230 ut
262 2183 358 2228 nemo
370 2160 505 2226 illorum
521 2177 707 2247 temporum
720 2181 822 2245 neque
836 2162 1043 2227 uberioribus

169 2310 172 2317 .
209 2247 520 2319 florueritartibua,
544 2267 646 2330 neque
670 2245 890 2329 eloquentiam
913 2246 1044 2329 gravin-

205 2360 288 2407 .rum
314 2331 559 2417 disciplinarum
582 2335 806 2400 instrumento
847 2331 1005 2398 ditaverit
1030 2370 1045 2395 .-

212 2426 319 2511 Hujna
330 2439 390 2506 ego
404 2417 449 2484 rei
462 2442 534 2487 cum
547 2421 675 2488 nullum
691 2420 817 2488 t'xitum
840 2419 1013 2509 reperirem
1028 2461 1042 2495 ,

209 2527 383 2600 propterea
408 2509 498 2590 quod
516 2509 621 2575 teilla
646 2509 831 2595 dignitate,
856 2507 1041 2596 gravitate,
1095 2578 1097 2583 ,

208 2601 379 2671 domnina,
396 2593 603 2684 interpellare
631 2619 682 2661 me
701 2600 787 2684 polle
813 2619 876 2663 non
891 2596 1045 2662 videbam

163 2716 166 2723 ·
210 2689 274 2755 siue
288 2683 557 2753 maximoscelere
572 2708 583 2757 r
596 2685 708 2772 prelio
722 2684 852 2749 tandem
872 2683 957 2758 fuit,
984 2683 1045 2745 ad·

206 2774 358 2860 juvitque
376 2776 459 2835 hune
472 2772 572 2837 animi
589 2773 652 2835 mei
676 2772 824 2835 ardorem
839 2772 965 2855 egregia
986 2784 1045 2832 tua

206 2881 246 2928 ae
259 2857 427 2948 fifngnlaria
439 2876 512 2940 erga
538 2879 588 2920 me
614 2856 718 2941 pietat
733 2875 743 2920 t
758 2874 821 2938 qua
836 2859 955 2919 saelum
979 2857 1045 2929 est,

207 2964 247 3015 ut
260 2969 330 3014 erm
339 2943 476 3026 ‘iuvandi
491 2943 554 3006 mei
566 2953 664 3026 atque
673 2942 976 3008 ornandiadeionem
988 2962 1046 3005 eo·

209 3036 473 3123 gitatiouemque
484 3027 682 3116 susceperis,
696 3049 775 3114 que
789 3031 917 3096 lilentio
928 3045 1045 3115 prete-

207 3123 266 3190 riri
282 3144 346 3189 non
369 3120 501 3206 pollint.
526 3121 642 3202 ltaque
669 3117 739 3185 sum
760 3118 972 3194 consecutur,
1006 3131 1045 3181 ut

208 3229 273 3275 non
292 3209 391 3273 modo
402 3227 513 3273 omnen
539 3206 621 3272 nihil
644 3207 724 3273 mibi
737 3222 803 3271 tam
821 3223 969 3294 paratum
983 3207 1045 3270 esse

207 3294 422 3380 intelligant,
448 3313 544 3379 qnam
571 3303 703 3381 o‘peram
729 3296 1042 3362 &authoritatem

208 3396 301 3447 tuam
327 3425 338 3457 ,
363 3381 415 3446 led
441 3382 540 3447 etiam
567 3380 725 3447 scribendi
748 3383 789 3445 ad
805 3383 1047 3448 teoteafionem

211 3470 333 3554 (quod
347 3468 490 3534 maxime
505 3468 670 3554 cupiebam
684 3472 821 3553 )uadlua
832 3469 901 3534 sum
920 3493 928 3536 ε
946 3489 1045 3552 quam

204 3553 1046 3702 :anilioblatamnullopaelodimitteudamcenlsfi·

211 3656 214 3661 ⁴
1007 3657 1047 3702 ue
