2534 4342
324 382 386 443 168
489 371 696 461 Jacoet
735 370 1033 442 senonen!

318 475 474 549 quentem
489 466 520 526 in
546 461 615 526 illie
632 461 758 526 viderer
786 461 918 538 audire,
945 477 1103 545 tuamque
1118 462 1173 531 it..

319 554 386 614 iam
403 550 481 613 mihi
493 568 556 615 nou
567 547 906 634 ignotamvirtutem,
921 551 1167 623 humanitatem

317 638 538 711 comitatem,
563 635 600 701 in
624 635 746 701 eisdem
769 635 1053 722 recognoscerem.
1085 639 1166 735 Qna

320 726 399 788 dum
409 724 472 789 frui
489 722 569 789 mihi
583 722 646 786 suit
659 723 789 788 licitum
804 769 814 798 ,
833 725 990 808 quamdiu
1003 725 1166 794 videlicet

315 832 445 876 mecum
457 814 488 878 in
503 813 555 876 hir
568 809 651 876 locis
663 827 886 877 commoratus
902 829 963 886 ea,
985 811 1069 876 nihil
1083 835 1164 880 mea

247 906 250 912 '
315 899 470 963 felicitati
493 897 857 967 deeffeexistimabem..
888 901 981 964 Nune
995 898 1164 968 absentem

318 984 368 1049 ita
379 987 488 1050 animo
501 984 644 1069 requiro,
657 984 735 1049 utin
752 1006 871 1072 magno
884 985 999 1050 doiore
1012 985 1164 1076 diremp-

316 1070 550 1138 tesuavisiimae
562 1071 807 1138 consuetudinis
827 1075 941 1139 nostro
955 1116 967 1148 ,
980 1074 1034 1138 tui
1047 1089 1162 1144 tamen

313 1161 459 1226 nominis
476 1160 633 1227 memoria
661 1163 692 1226 dc
717 1161 902 1226 recordatio
922 1162 1030 1226 mutui
1060 1163 1163 1230 nostri

315 1250 463 1321 amorio,
493 1266 686 1334 magnopere
701 1265 751 1308 me
765 1246 922 1314 sustentet
936 1290 946 1313 .
974 1253 1160 1335 Atque,ego

314 1336 451 1420 quidem
463 1339 534 1421 post
548 1332 715 1399 discessum
728 1346 822 1399 tuum
833 1357 907 1400 cum
918 1333 1067 1402 soiiicito
1080 1338 1160 1401 diu·

314 1423 384 1489 tius
398 1423 509 1486 animo
519 1421 672 1488 uuntium
686 1419 727 1484 de
748 1437 783 1488 te
793 1426 992 1509 expectem,
1018 1425 1158 1492 taudem

314 1510 495 1595 aliquando
507 1509 616 1575 literir
630 1524 762 1572 tuorum
777 1552 788 1583 ,
811 1530 895 1595 quae
910 1511 1032 1577 Paulus
1061 1530 1158 1584 acce·

315 1615 431 1686 perat,
455 1599 575 1663 certior
592 1597 693 1662 sacius
703 1597 798 1660 essem
810 1640 821 1672 ,
833 1612 866 1662 te
881 1597 915 1662 iu
929 1619 1004 1664 eum
1018 1600 1157 1674 iocum,

316 1707 384 1771 quo
397 1687 539 1750 maxime
552 1698 709 1769 optarat,
732 1687 794 1751 hoe
806 1688 851 1750 esi
863 1687 1046 1759 Veronam
1069 1690 1099 1754 dr
1113 1689 1156 1750 ad

315 1771 489 1854 utriusque
507 1773 652 1836 nostrum
678 1772 849 1839 hominem
883 1775 1156 1850 amantissimum,

312 1859 485 1948 ipsumque
506 1858 720 1942 dignissimum
735 1861 792 1942 qui
803 1862 845 1925 ab
862 1861 1015 1925 omnious
1036 1861 1155 1926 nostrie

312 1961 463 2019 ametur,
486 1946 684 2032 Episcopum
700 1943 914 2014 veronensem
926 1988 937 2020 ,
949 1958 1024 2010 tuto
1037 1968 1157 2031 perve-

312 2034 392 2104 nisse
407 2078 419 2110 ‚
441 2032 549 2098 statim
563 2033 763 2099 exhilaratus
775 2036 885 2099 auimo
900 2067 918 2105 ,1
935 2032 1049 2097 literae
1062 2033 1103 2094 ad
1118 2046 1153 2099 te

314 2123 416 2199 dedi,
432 2140 513 2207 quas
529 2122 656 2187 tardius
667 2120 810 2207 suspicor
835 2121 877 2184 ad
894 2133 927 2184 te
939 2119 1029 2185 fuisse
1043 2118 1154 2203 perla-

315 2228 393 2288 tas,
417 2212 691 2295 autne-periatae
721 2211 854 2296 quidem
880 2209 961 2297 (a).
981 2207 1153 2291 Siquidem

312 2304 417 2368 habeo
427 2302 532 2366 Roma
547 2300 597 2366 sat
611 2312 754 2366 recentes
769 2345 781 2376 ,
811 2297 847 2364 in
869 2297 989 2384 quibus
1005 2294 1153 2360 fasciculi

312 2389 413 2454 nost-ri
437 2385 561 2449 mentio
584 2385 677 2449 nulia
696 2388 758 2457 fit,
784 2407 859 2450 cum
884 2401 993 2450 tamen
1022 2383 1152 2450 dierum

315 2475 405 2546 ratio
417 2483 527 2553 aperte
542 2470 687 2539 indicat,
713 2470 881 2535 literarum
907 2472 1150 2537 reddendarum

313 2573 444 2643 tempus
458 2559 521 2633 iam
538 2555 721 2641 preteriisse
733 2556 813 2618 ‚Sed
826 2557 982 2638 quicquid
995 2557 1153 2624 acciderit-

312 2647 354 2720 de
367 2640 495 2717 literis,
516 2662 580 2707 uon
598 2641 685 2707 estin
706 2643 853 2715 chartis,
878 2661 980 2724 neque
1005 2643 1038 2704 in
1059 2657 1160 2708 atre..

313 2747 427 2802 mento
442 2731 565 2815 positus
588 2729 694 2796 noster
716 2749 830 2804 amor,
853 2725 909 2793 sed
935 2732 967 2796 in
992 2730 1151 2798 cordi'oun

313 2819 486 2904 utriusque
509 2819 652 2885 nostrum
663 2864 680 2896 ,
704 2837 770 2883 non
798 2831 866 2882 tam
887 2815 1066 2903 inscriptus
1085 2818 1150 2886 ille

312 2904 471 2995 quidem,
500 2927 598 2991 qoam
610 2908 734 2973 inustor
751 2950 762 2981 ,
786 2921 824 2971 ut
839 2904 939 2969 deleri
955 2927 1017 2971 noo
1031 2907 1149 2993 ponit.
1187 2947 1192 2956 =

230 3053 233 3060 .
311 2996 575 3085 Quodquoniam
601 2994 706 3057 neutri
718 2995 861 3058 nostrum
873 2994 913 3056 de
924 2995 1030 3058 aiteto
1042 2995 1150 3078 potest

310 3091 373 3153 esse
385 3080 520 3148 dubium
537 3126 547 3156 ,
567 3082 669 3164 hujus
685 3079 757 3144 sane
770 3081 815 3145 rei
838 3081 1151 3150 commemoratione

310 3170 500 3241 umidam
517 3190 552 3233 ra
568 3188 636 3252 que
655 3166 836 3246 sunthujur
856 3169 1017 3253 temporie
1036 3169 1160 3233 renia-.

311 3281 407 3327 mue.
470 3273 628 3341 uunquam
645 3257 733 3334 quod
748 3256 919 3318 Simouetoe
945 3255 1043 3318 nostri
1058 3275 1153 3321 mor-

310 3362 380 3428 tem
394 3342 624 3416 inture‘litetis
643 3342 772 3425 derlee,
797 3343 880 3409 nihii
895 3341 976 3406 sacir
999 3343 1148 3413 alienum

489 3465 492 3472 ·
1030 3430 1152 3497 huma.

336 3630 386 3708 ξι)
405 3628 535 3701 Loquitur
550 3625 608 3696 iric
628 3592 959 3710 areptmtrdccxeiv,
1058 3702 1071 3717 υ
