2534 4342
291 385 353 470 {ga
450 382 651 457 JACOBI
696 375 996 448 SADOLETls

294 488 367 537 tum
381 473 520 538 nostrum
539 476 579 536 ed
598 473 662 537 sese
675 473 733 536 srbi
752 470 908 556 inprimis
922 481 1051 552 gratum
1064 459 1141 540 else-

294 561 466 624 affirmavit
479 580 491 636 3
515 561 655 622 ostendit
682 560 739 622 libi
759 578 839 620 curu
869 557 935 617 sore
954 551 1132 617 commoda

296 647 403 712 nostra
417 689 428 721 ,
453 649 550 728 idque
576 646 665 709 brevi
687 667 746 710 nos
765 666 797 709 re
813 641 880 729 ipsa
908 636 1138 705 intellecturoe'

198 728 213 741 ”
296 733 470 819 pollicitus
486 736 529 795 est
545 774 554 793 .
573 734 633 814 Egi
649 736 791 817 gratias,
807 723 1136 806 commemoratisque

291 820 398 899 ¹caulis
417 821 561 904 ,ouibus
583 822 623 880 ad
645 819 839 883 veniendum
857 817 988 880 effectus
1013 813 1137 874 fueram

299 902 488 988 difficilior,
512 905 612 970 institi
627 921 770 992 repetere
783 907 894 970 cadem
909 945 919 973 ‚
941 920 1011 982 quta
1031 900 1063 962 iu
1079 898 1138 960 lit·

301 995 394 1062 teris,
410 993 591 1078 scripseram
607 999 628 1064 ,'
641 992 724 1055 nilril
749 1013 799 1055 nte
826 989 924 1052 malle
952 989 983 1050 in
999 989 1059 1048 hac
1072 985 1156 1071 jam·

302 1063 523 1163 precipitante
548 1093 663 1152 aetate,
687 1098 784 1161 quam
813 1074 933 1159 iuotio
953 1074 1085 1144 uivere,
1111 1074 1141 1138 dt

303 1167 423 1244 quibua
440 1185 488 1229 me
504 1165 600 1228 donie
615 1166 707 1230 Deus
722 1184 834 1228 ornare
847 1165 900 1249 (st
923 1174 1031 1223 tamen
1055 1155 1139 1221 ullie

304 1252 458 1334 ornauit)
473 1251 647 1324 uoluisset,
674 1271 709 1314 ea
724 1251 791 1337 ipsa
805 1251 889 1313 dona
904 1248 945 1309 ad
958 1246 1052 1309 iltius
1068 1245 1142 1306 latt-

303 1337 379 1419 dem
391 1337 592 1421 gloriamque
603 1354 803 1406 cenvertere:
820 1339 880 1400 esse
894 1334 1016 1398 mihiio
1031 1331 1142 1395 auimo

302 1421 467 1487 laboranti
482 1425 555 1488 fidei
570 1425 737 1488 catholice
752 1422 831 1489 ferre
855 1445 951 1508 opem
966 1463 976 1494 ,
1006 1419 1160 1505 sequant-

303 1511 447 1596 posscm,
475 1512 649 1596 pracsertim
664 1534 733 1596 quae
757 1526 822 1576 tarn
846 1509 960 1574 multis
971 1524 1143 1591 oppugna·

304 1597 435 1661 toribus
460 1595 648 1662 labefastata
672 1612 771 1682 atquc
788 1612 926 1668 vexata,
950 1613 1070 1678 paucos
1085 1591 1143 1674 qui

304 1681 339 1747 se
356 1683 585 1757 defenderent,
612 1690 677 1761 ianr
688 1688 839 1754 haberet.
854 1683 921 1746 Hoc
933 1697 1042 1744 auteur
1054 1679 1145 1744 dice·

305 1771 403 1843 bam,
430 1770 520 1849 quod
545 1770 584 1833 de
598 1774 737 1835 duorum
762 1770 1009 1833 dudliffimorum
1033 1765 1146 1828 honri·

305 1872 384 1937 num
410 1870 535 1927 morte,
566 1855 693 1920 Alberti
721 1857 829 1942 Pighii
844 1861 903 1946 (a)
920 1899 931 1928 ‚
950 1859 980 1922 dt
1002 1850 1142 1924 loansslss

306 1939 419 2004 Ecchii
432 1941 537 2005 uuntii
550 1944 612 2006 huc
628 1958 859 2030 pervenerant.
884 1941 1024 2009 Proinde
1046 1958 1142 2024 toga·
1158 1954 1160 1957 ·

307 2025 365 2100 vi,
386 2041 423 2089 ut
438 2027 517 2090 mihi
545 2030 685 2097 reditum
699 2033 886 2105 concederet
904 2031 934 2093 in
949 2048 987 2093 ea
1000 2027 1070 2090 loca
1084 2070 1095 2099 ‚
1110 2026 1143 2089 iu

307 2114 499 2197 'quibuehoc
513 2118 638 2203 optime
660 2122 757 2185 lieria
778 2142 827 2185 me
845 2124 876 2187 Sr-
888 2104 1140 2181 commodissimc

302 2203 431 2287 pollet.
457 2203 679 2292 Responditin
695 2205 863 2294 prasentia
881 2203 962 2268 nihil
976 2201 1006 2266 se
1025 2201 1064 2265 de
1080 2205 1142 2263 hae
1162 2269 1166 2277 ,

306 2297 343 2352 te
366 2288 558 2370 constituere
569 2295 654 2377 posse
669 2314 678 2358 t
695 2295 802 2360 videre
819 2314 868 2356 me
884 2293 999 2354 ilatum
1014 2286 1147 2373 pericli·

307 2374 413 2437 tantia
424 2376 842 2465 christianelleipublicretin
855 2396 891 2442 ea
904 2377 1039 2460 regenda
1053 2393 1144 2459 cgere

308 2458 417 2540 scope
434 2462 614 2526 multorum
628 2483 728 2549 atque
741 2466 898 2537 consilio,
922 2463 953 2527 io
968 2482 1044 2545 eoq.
1057 2479 1147 2524 non·

307 2543 391 2631 nihil
405 2545 485 2608 mihi
500 2546 728 2618 subblanditur
739 2553 806 2617 cst.
831 2552 899 2614 Hoc
922 2549 1069 2615 sermone
1081 2549 1146 2608 ha·

309 2631 400 2714 bito,
424 2635 589 2719 (dabatur
614 2640 698 2703 euim
713 2662 751 2704 eo
764 2639 817 2702 die
835 2644 969 2701 Senatus
984 2632 1144 2720 Episcopo

308 2717 467 2785 Generati
479 2742 578 2808 nuper
589 2726 621 2788 iu
633 2726 856 2790 Cardinalium
872 2722 1046 2804 collegium
1063 2721 1148 2784 alle·

309 2804 373 2895 Clo,
385 2822 454 2871 turn
465 2811 604 2891 primum
615 2813 656 2873 ad
670 2816 858 2878 Pontificem
874 2809 1035 2880 venienti,
1050 2810 1067 2889 )
1080 2802 1147 2871 ses·

312 2888 517 2982 sumomnee
542 2903 767 2965 conceliimuc.
797 2895 980 2967 Postridie„
997 2895 1055 2977 qui
1082 2893 1169 2973 suit¹

308 2977 380 3040 diet
406 2997 460 3041 ur.
487 2983 536 3043 ld.
557 2987 647 3068 Junii
662 3029 673 3058 ‚
708 2987 835 3051 senatus
860 2984 979 3046 iterum
1006 2994 1169 3069 vocatus,

308 3062 353 3141 est
374 3065 510 3130 .·Causr
541 3072 751 3137 conveniendi
777 3071 866 3142 suit,
894 3068 983 3150 quod
1000 3087 1073 3131 curn
1090 3065 1146 3133 su·

312 3148 497 3233 perioribut
522 3153 637 3221 diebus
662 3159 767 3222 suisset
787 3158 826 3219 de
842 3153 967 3218 eousrlii
987 3150 1146 3218 sententia

310 3236 477 3300 decretum
492 3281 503 3312 ,
527 3240 663 3308 srCesar
675 3243 853 3310 Bononiam
865 3241 972 3310 venire
985 3237 1149 3319 recusaret
1165 3238 1176 3263 '·

309 3360 323 3368 ‘¹
405 3353 408 3357 ·
562 3333 567 3339 ’
1020 3334 1169 3414 *teror

271 3542 274 3547 ·
313 3536 317 3544 ¹
346 3515 396 3589 (ᾳ)
416 3520 454 3581 De
468 3517 578 3586 l’igbio,
589 3521 756 3590 confuseque
771 3519 935 3572 bebennuiu
948 3519 1020 3574 notit
1032 3519 1063 3572 td
1075 3517 1135 3589 epiq
1159 3522 1164 3533 “

308 3590 399 3679 stultu
412 3597 626 3667 CCCXlX.par.
641 3599 695 3652 111.
709 3613 769 3667 1³⁸3·
785 3601 833 3653 68.
855 3592 943 3660 &en
977 3592 981 3599 “
1008 3588 1010 3593 ’
