2534 4342
454 303 459 311 ο

300 385 360 446 188
447 375 664 450 JACOBI
701 370 1003 443 Senot-Etr

296 469 371 534 Non
386 464 470 531 enirn
487 465 675 530 hominiber
689 461 832 528 infensus
843 461 912 528 sum
927 505 938 536 ,
962 460 1016 530 sed
1027 460 1139 527 homi·

296 575 373 632 num
390 553 524 618 illorum
540 552 657 616 vitiie.
683 551 727 618 Ut
744 570 822 614 vero
835 551 876 614 ad
890 550 1069 615 inserendae
1085 551 1141 613 ui·

300 657 353 706 tro
370 640 530 717 injuriae,
548 640 588 701 td
611 637 915 705 circumveniendoe
931 635 1141 703 evertendos·

296 751 359 813 qne
374 726 602 800 Christianos„
624 739 679 791 tot
689 723 840 810 quotidie
852 725 992 790 decretis
1008 725 1140 790 conces·

293 811 499 897 floribusque
525 813 722 878 instruantur
741 823 846 903 atque,
862 828 1028 877 armentur
1040 832 1053 889 3
1080 833 1141 898 po·

295 903 395 968 testne
413 903 474 965 hoc
489 898 590 964 uilius
603 900 748 965 hominis
764 903 847 964 reeta
868 901 1016 984 &pretio
1030 919 1065 963 ac
1082 922 1140 983 pe·

295 988 391 1055 cunia
405 1008 468 1052 non
484 987 708 1052 contaminata
728 986 815 1052 ratio
829 1006 958 1070 reqourn
975 990 1037 1052 esse
1049 988 1156 1052 arbi·'

296 1074 402 1142 teari?
426 1074 693 1140 Liberiuet'ecnm'
709 1074 829 1158 loquor
845 1119 856 1148 ,
871 1074 960 1159 quod
978 1088 1010 1140 te
1023 1095 1139 1157 exper-

297 1179 366 1230 tem
386 1162 497 1226 omnis
522 1161 657 1226 omnino
673 1161 704 1224 in
721 1166 782 1225 hoc
802 1183 915 1248 genere
940 1158 1137 1248 suspicionis

284 1253 357 1317 esse
373 1271 434 1314 non
448 1249 588 1314 dubito.
611 1248 704 1328 Quid
717 1249 802 1315 enim
816 1250 896 1313 mihi
916 1263 972 1313 tua
986 1249 1137 1336 probita-

296 1353 359 1414 te,
385 1338 675 1421 moderationeque
696 1335 891 1423 perspestiue
916 1335 929 1402 i
949 1340 1008 1401 Sed
1032 1339 1136 1400 habeo

224 1469 230 1482 -
296 1447 383 1513 quoe
397 1425 653 1508 timeam,qnoe
669 1427 768 1492 etiam
783 1425 912 1490 facilior
925 1426 1036 1490 auimo
1049 1426 1137 1487 defi·

297 1517 393 1602 gnare
418 1532 516 1598 quant
542 1513 721 1597 exprimere
743 1512 892 1580 oratione
917 1513 1065 1598 possum.
1089 1515 1136 1577 At

295 1624 368 1667 moe
385 1603 454 1666 heic
476 1606 542 1679 jam
568 1598 769 1666 inveteratur
794 1602 836 1666 est
858 1601 981 1666 talibus
1002 1601 1135 1672 Judaeoe
1178 1606 1181 1612 '

283 1752 287 1759 ,
295 1688 483 1777 privilegiis
495 1687 670 1757 ornandi&
686 1688 841 1754 iniciendi
852 1729 862 1750 .
890 1690 963 1755 Seio
980 1692 1008 1757 dr
1030 1689 1108 1756 novi
1124 1732 1136 1765 ,

295 1791 504 1841 veruntamen
514 1775 600 1839 idem
615 1798 675 1861 ego
689 1781 718 1846 ἃ
732 1778 868 1846 video&
885 1776 950 1844 scio
965 1821 976 1854 ‚
1001 1793 1135 1864 propter

281 1862 481 1946 nujusnodi
508 1883 632 1928 morem
659 1863 807 1950 aliosque
834 1864 960 1930 multoe
984 1867 1134 1942 similer,
1188 1915 1194 1927 .

292 1953 383 2017 orbis
396 1965 484 2015 terrre
500 1951 642 2035 populor
654 1956 701 2026 ,Sr
713 1953 897 2033 provinciae
908 1964 973 2035 jam
989 1955 1134 2038 permus-

293 2057 370 2115 εις,
393 2039 434 2102 ab
447 2038 536 2102 istius
550 2036 661 2104 senne
682 2038 767 2103 sedit
780 2040 910 2105 nornine
925 2045 953 2105 ἃ
967 2041 1028 2104 fide
1042 2043 1133 2107 dese·

212 2148 214 2152 ⁴
261 2206 267 2211 ,
281 2129 386 2203 risse,
406 2146 488 2211 quae
501 2125 624 2190 utinam
637 2141 754 2192 cetere
765 2126 1029 2209 non'sequantur3
1043 2131 1133 2212 quod

291 2237 331 2281 ne
356 2215 506 2290 aecidat,
531 2215 664 2297 parvule
690 2215 790 2278 modo
815 2215 927 2298 eliqua
953 2218 1135 2281 mutatione

285 2303 480 2390 ,Principum
497 2303 600 2374 fade,
624 2305 828 2367 vehementer
849 2323 947 2389 cogor
962 2303 1136 2389 pertimes·
1188 2298 1194 2306 ’

292 2411 386 2456 cete.
413 2389 474 2454 Sed
485 2408 542 2453 nee
558 2389 653 2474 pluro
665 2392 710 2452 -de
724 2390 776 2456 his
792 2429 803 2451 .
818 2393 925 2473 Egon
941 2392 974 2457 in
992 2395 1074 2458 nteit
1090 2392 1135 2456 li-

290 2477 373 2540 terie
385 2488 444 2538 aut
455 2473 640 2559 prioribus,
661 2491 719 2553 aut
736 2477 769 2539 iu
791 2476 939 2559 hisquae
956 2501 1038 2549 nnnc
1055 2480 1133 2545 scri·

290 2563 335 2628 bo
348 2560 473 2644 aliquid
486 2559 560 2625 infit
573 2563 695 2626 dietum
710 2561 980 2631 inconsideratius
995 2610 1006 2642 ,
1019 2568 1134 2650 quod·

251 2707 253 2710 Α
287 2669 352 2735 que
367 2649 477 2739 animo
497 2663 556 2713 tuo
574 2650 680 2725 minue
696 2650 823 2714 accidat
835 2669 987 2736 gramme
1008 2670 1092 2739 peto,
1112 2674 1132 2718 a

280 2754 325 2819 ‚te
341 2737 419 2802 mihi
432 2735 646 2822 utignoseae.
670 2738 744 2805 Non
756 2738 842 2803 enim
854 2741 965 2806 animo
992 2742 1129 2825 sedendi

289 2827 500 2910 quempiam,
523 2841 619 2910 teque
631 2826 780 2892 omnium
795 2826 930 2895 minime
943 2872 955 2903 ,
969 2851 1065 2915 quem
1078 2830 1130 2894 in·

175 2982 181 2997 x
287 2914 437 2980 credibili
453 2916 594 2997 quodam
613 2917 767 2980 amore&
782 2912 877 3001 pinne
905 2918 1032 3003 optime
1054 2917 1129 3002 opi·

287 3002 387 3067 nione
401 3000 578 3088 prosequier
590 3001 668 3081 tsed
687 3001 794 3065 studio
808 3001 1016 3071 subveniendi
1032 3005 1127 3080 meis,

285 3089 406 3173 quibus
430 3086 500 3150 sum
522 3088 710 3155 sanctissime
737 3090 970 3157 ueceffitudinie
993 3089 1126 3157 vinculo

284 3177 460 3240 obstrietus
473 3218 484 3251 ‚
509 3176 646 3244 iiberiut
674 3176 842 3241 interdum
852 3198 949 3263 cogor
967 3177 1126 3245 seribere.

283 3263 364 3352 Qee
390 3261 523 3331 libertae
549 3266 570 3328 si
598 3263 820 3351 imprudentia
848 3264 1041 3352 appellanda
1057 3265 1128 3342 est,

150 3348 155 3355 ’
283 3370 346 3413 non
360 3350 492 3416 obstabo
504 3353 581 3436 quin
599 3352 645 3417 ita
655 3350 840 3438 appelletur
854 3374 867 3430 3
895 3353 1024 3418 dumea
1050 3373 1124 3418 cunr

281 3434 445 3521 pietate&
461 3460 533 3504 curn
552 3439 686 3530 pastorir
706 3438 812 3503 officio
823 3441 900 3505 boni
917 3441 1124 3524 intelligetur
1168 3521 1171 3526 ¹

282 3520 548 3623 essepconjuuitee
573 3526 638 3592 Etsi
654 3541 715 3592 tue
729 3525 862 3611 quidem
877 3535 998 3599 oreore
1023 3529 1126 3605 ,nont-

1060 3627 1114 3684 tae
