2534 4342
298 434 516 501 EPISTOLAE
539 432 824 501 FAMILIARES.
944 437 987 517 {r

145 545 187 588 rae
204 541 284 608 quar
295 523 336 585 ad
355 539 386 588 te
401 521 432 587 se
447 522 566 588 dedisse
578 521 717 584 affirmat
731 569 742 598 ‚
758 522 821 587 tibi
834 540 898 586 non
913 523 990 586 fue·

147 614 213 714 rinc
225 610 361 675 redditu
372 654 382 676 .
395 613 466 676 Nos
478 610 647 712 vulgarem
661 608 905 676 excusationem
921 631 989 675 nou

145 698 990 872 :5⁶:21{dizssiissi'izid'iniiiiii:
1031 763 1034 768 ’

145 874 357 951 vocabimur.
387 875 488 938 Erunt
510 873 576 958 jam
606 872 683 938 huic
706 893 821 939 omuec
844 871 988 939 oratorii

145 957 212 1024 inci
227 959 467 1048 pertremendi,
488 958 692 1037 evolvendi,
716 974 857 1046 totaque
872 959 991 1026 dicen·

146 1049 181 1126 di
205 1051 285 1126 arr,
306 1068 404 1136 quam
447 1051 596 1117 rofitctur
619 1047 653 1115 in
678 1049 847 1115 lucernae
875 1047 988 1115 forum

146 1136 362 1223 proferenda,
381 1073 507 1205 udum
533 1133 754 1224 ipse'causam
771 1137 855 1203 velit
874 1135 990 1201 defen·

145 1225 242 1289 dere.
257 1226 318 1292 Sed
329 1225 681 1313 quantumcunjee'iura
698 1223 821 1308 affequi
834 1223 961 1310 possum
979 1266 992 1300 ,

148 1315 244 1398 hujus
267 1313 338 1403 sper
354 1315 462 1380 omnir
487 1309 520 1378 in
542 1312 599 1379 aira
612 1311 844 1388 humanitate,
864 1316 894 1381 ἃ
919 1310 989 1375 cie-

146 1402 268 1466 mentia
284 1405 387 1491 posita
409 1403 475 1467 est.
498 1401 600 1468 Erunt
624 1413 688 1465 tue
704 1413 814 1485 parter
828 1395 990 1464 accersere

146 1489 312 1555 hominem
325 1491 367 1555 ad
379 1505 437 1563 ce,
463 1504 568 1568 neque
590 1485 748 1572 scriptam
767 1486 989 1550 defensronem

145 1575 288 1662 accipere
300 1596 313 1650 ε
325 1580 367 1641 src
397 1576 484 1643 euim
499 1575 554 1639 fiet
568 1598 591 1649 ,·
607 1570 777 1660 ur(quod
801 1573 907 1638 facere
923 1568 993 1633 aii·

146 1662 281 1746 quando
309 1663 572 1746 constituimur)
588 1659 686 1724 binos
711 1659 797 1744 apud
810 1671 844 1725 ce
867 1656 994 1723 meusec

147 1757 329 1836 ponamuc,
358 1750 454 1814 instar
468 1748 628 1814 diuturna
639 1764 677 1811 ac
689 1749 789 1813 beatae
801 1747 896 1812 vitre.
912 1745 994 1810 Tibi

146 1836 283 1921 quidem
309 1854 374 1902 non
392 1835 629 1909 concedimur,
658 1850 696 1900 ur
718 1833 851 1923 hujusce
880 1833 927 1900 rei
953 1847 994 1898 tu

149 1922 306 2010 cupidior
330 1925 402 2000 fic,
436 1943 534 2010 quam
559 1942 619 1990 noc
641 1924 767 1990 fimus.
797 1924 908 2012 Quare
932 1923 994 1988 ubi

148 2013 281 2086 otium,
309 2013 338 2078 dr
363 2023 495 2101 tempus
519 2012 675 2078 idoueunr
698 2013 785 2078 nacci
803 2011 992 2086 fuerimus,

146 2098 419 2184 convolabimus.
441 2098 651 2181 Defiderium
674 2102 768 2166 urbis
786 2098 897 2166 Roma
926 2103 995 2175 iam

147 2185 380 2274 deposuimus,
399 2186 682 2270 immoveroejur
701 2187 903 2251 mentionem
919 2206 998 2271 per·

146 2272 307 2342 horrescit
317 2273 446 2339 animur
469 2273 595 2346 noster,
625 2291 740 2335 eorum
768 2290 894 2334 memor
919 2291 999 2354 qum

145 2358 328 2424 miserrima
339 2359 510 2432 vidimus,
525 2362 554 2426 ἃ
567 2359 695 2443 perpeffi
706 2357 849 2423 fuimus.
865 2357 991 2423 Urbem

146 2447 251 2512 modo
265 2446 571 2512 incuiimurnarura
592 2451 746 2521 amoen'o,
776 2448 990 2532 acque'ubere

146 2537 208 2601 srta
225 2533 331 2611 locu,
359 2548 428 2600 arte
457 2533 701 2602 munitissirna&
722 2555 792 2620 quc
807 2556 824 2601 a
837 2533 990 2623 profugia

135 2622 277 2689 'condita
292 2624 363 2709 jure
380 2622 564 2710 perfugium
578 2621 722 2685 dicitur.
751 2623 878 2688 Pierius
891 2624 993 2689 Vale·

145 2714 257 2776 cianus
271 2718 343 2798 (a),
357 2711 527 2794 quimodo
542 2708 586 2772 cii
596 2709 684 2795 apud
700 2727 760 2772 nos
774 2712 913 2775 multam
927 2707 994 2774 tibi

145 2796 287 2863 salutem
313 2800 427 2870 dicit,
451 2809 608 2882 paratque
622 2793 819 2883 particulam
836 2795 912 2861 libri
939 2797 998 2861 ei·

147 2887 378 2968 depruynunrcr'iv,
394 2890 490 2966 duam
503 2882 545 2946 ad
557 2894 591 2946 tc
604 2881 737 2949 mittat·
749 2883 803 2948 Dc
820 2880 996 2951 Heliodori

147 2977 283 3059 negotio
309 2973 436 3037 abunde
465 2967 573 3057 scripfi
594 2967 637 3030 ad
663 2966 803 3051 Paulum
825 2969 993 3056 perstare,
1104 3037 1106 3040 ,

149 3059 205 3126 sed
227 3063 329 3128 etiam
341 3062 547 3126 vehementer
563 3075 699 3143 cupere·
730 3057 783 3124 Tu
796 3078 863 3122 rem
878 3073 999 3125 contra·
1106 3075 1109 3079 ’

147 3148 309 3214 arbitratu
324 3162 383 3213 tuo
398 3189 409 3214 .
436 3143 607 3234 Quicquid
622 3144 851 3223 mandaveris,
872 3149 991 3214 curabo

147 3235 325 3323 diligenter
341 3276 351 3301 .

553 3392 556 3398 ,
593 3319 622 3387 C
634 3327 664 3383 ἰ
902 3320 990 3390 BPI·
1067 3368 1069 3373 s

156 3589 987 3624 m

188 3682 239 3761 (ι)
259 3684 321 3747 vu.
333 3646 409 3747 nnn
418 3686 447 3747 n
458 3649 542 3768 run.
554 3686 680 3748 crxvr.
692 3687 754 3746 rer.
765 3684 807 3744 rr.
816 3681 936 3760 μω,
