2534 4342
265 412 485 485 Eplstotn
506 412 800 486 FAMILIARES:
894 415 960 501 33?

126 498 281 568 andiss'em
294 546 304 575 ,
324 525 393 586 qua
406 504 483 567 mihi
503 507 631 591 penitus
646 508 828 572 insederant
842 502 876 568 in
888 509 963 571 ani·

130 608 196 661 mo,
206 591 344 674 circique
358 606 393 654 tu
406 604 553 676 preterea
564 598 632 670 ejus
643 594 726 677 regis
739 593 850 665 frater,
862 612 963 675 quern

91 687 94 693 ’
129 693 283 758 nospene
313 698 497 741 unumuere
528 680 744 744 Christianum
771 683 889 760 Regem
904 680 963 739 hac

128 761 236 826 nostra
248 778 345 827 etate
357 764 693 850 possumusappeliare
706 810 718 841 ,
736 785 852 850 purum
864 778 964 846 atque

128 846 293 934 integrum
311 853 350 913 ab
361 851 449 913 omni
461 851 633 916 Christiani
647 849 811 938 sauguinis
823 850 963 921 maenia,
982 886 984 888 ·

133 936 228 999 fidem
242 937 362 1001 Christi
387 934 603 1001 ianttiffimanr
624 938 718 1022 longe
744 938 874 1020 iateque
886 958 966 1024 pro·

131 1038 328 1106 negantem,
344 1024 431 1108 vquid
448 1025 566 1088 mirum
584 1027 731 1089 tiomoes
747 1043 834 1088 meaa
847 1045 963 1098 curas,

129 1128 241 1180 omnes
256 1111 476 1177 contentiones
489 1111 601 1174 omnia
613 1111 718 1184 studia
730 1111 771 1174 ad
784 1112 968 1194 augendum

85 1269 87 1272 y
130 1199 286 1262 honorem
300 1204 329 1267 Sc
343 1198 593 1281 amplitudinem
607 1212 696 1262 tuam
707 1193 831 1262 contuli
845 1196 857 1262 i
883 1219 966 1284 pre·

120 1282 245 1349 ‘sertim
262 1306 334 1349 cunr
347 1286 374 1347 is
389 1285 469 1356 iim,
498 1285 556 1367 qui
571 1304 645 1367 erga
670 1285 754 1347 taies
773 1284 902 1348 animos
916 1286 969 1348 in·

136 1369 285 1434 credibili
308 1373 452 1454 quodam
470 1371 577 1434 stndio
586 1369 875 1454 benevolentiaque
897 1370 968 1433 affi-

132 1455 221 1518 ciar.
243 1457 478 1540 Quamobrem
492 1457 580 1540 quod
594 1478 655 1540 ego
667 1457 748 1528 feci,
777 1457 811 1520 id
837 1456 966 1521 summo

132 1542 241 1607 vestro
255 1542 374 1607 merito
392 1562 410 1605 a
425 1562 476 1606 nre
501 1545 618 1608 fatiunt
631 1542 700 1606 est'.
719 1543 821 1624 Quod
843 1559 880 1606 tu
906 1562 968 1605 au·

133 1639 200 1692 tem
224 1629 321 1712 agis,
345 1641 383 1693 ut
413 1627 492 1691 mihi
515 1654 555 1696 ex
577 1627 773 1713 engratiam
796 1643 828 1693 te
854 1631 970 1694 debere

132 1713 310 1798 agnoscas,
340 1715 445 1798 tnagis
463 1714 497 1778 id
526 1716 666 1780 bonitati
681 1729 765 1792 tue,
790 1735 887 1800 quarn
910 1712 975 1778 nili

131 1821 209 1864 ‘meo
223 1804 342 1867 merito
368 1822 496 1885 equum
517 1804 560 1869 est
582 1805 729 1889 asignato
744 1802 837 1867 .·Sed
853 1805 892 1867 de
917 1803 969 1864 his

138 1882 242 1950 satie·
263 1889 454 1974 lliudquod
475 1888 517 1970 est
531 1891 562 1954 in
579 1890 685 1954 literis
698 1889 766 1952 tuis
786 1887 942 1978 scriptum
958 1931 971 1962 ,

135 1974 362 2062 quodqueego
384 1975 517 2063 plurimi
537 1976 620 2039 facio
635 1973 859 2060 imprimisque
873 1993 975 2056 expe-

140 2064 192 2123 cto
206 2075 266 2126 ate
276 2067 325 2127 uti
337 2064 463 2148 prostes
477 2099 487 2122 .
500 2061 619 2126 Scribis
632 2063 717 2125 enim
735 2074 767 2123 te
785 2061 895 2126 &fidei
906 2062 972 2123 Ca·

138 2147 313 2216 thoiicoe&
334 2149 419 2215 sedis
438 2146 630 2233 Apostolice
644 2145 864 2229 rethoricari,
889 2163 973 2227 qua·

139 2256 212 2299 rum
224 2251 361 2319 utraque
384 2233 509 2318 magnis
524 2233 556 2298 in
569 2239 791 2317 hoc-tempore.
815 2232 970 2319 procellis

139 2321 447 2408 tempestatibusque
473 2321 633 2403 jaeirus,
657 2338 814 2409 peretum
836 2320 895 2385 effe
916 2318 977 2382 vei

140 2422 203 2472 tuo
215 2409 366 2494 sauguine
378 2411 578 2477 subvenienti
595 2409 814 2489 itaresierat,
836 2408 974 2472 conatu·

139 2517 278 2580 sumque
293 2499 328 2568 id
354 2501 454 2564 iacere
479 2498 629 2562 omnibus
652 2497 719 2561 tuis
746 2496 884 2586 opibus,
911 2496 975 2557 hoc

143 2585 264 2666 majore
281 2587 390 2649 animo
402 2629 412 2659 ,
425 2587 492 2668 qno'
503 2585 558 2646 iiie
573 2589 675 2650 bonor
691 2599 786 2667 atque
802 2584 891 2648 istius
903 2601 973 2643 am·

142 2671 269 2755 piiffimi
282 2670 452 2737 sacerdotii
470 2669 613 2756 dignitas
626 2676 780 2747 majorem
793 2671 854 2734 tibi
869 2666 977 2737 facul·

142 2768 244 2819 tatem
264 2759 333 2845 ejus
347 2761 393 2823 rei
418 2760 561 2843 gerendo
576 2757 707 2823 viderur
728 2758 891 2819 allatura.
912 2746 975 2820 Iste

142 2842 274 2907 animus
299 2861 400 2919 runt,
423 2844 557 2908 Henrice
583 2844 744 2926 optime,.
758 2857 879 2923 tuaque
896 2861 978 2927 prae·

144 2930 230 2993 stans
255 2945 352 3017 atque
376 2930 498 2996 eximia
522 2930 556 2993 in
583 2928 797 2995 Christianam
818 2927 978 3012 Renrpub·

140 3015 317 3094 ‘voluntate
341 3019 434 3084 tuest
446 3017 616 3102 profecio,
642 3037 710 3098 quae
729 3030 763 3078 te
778 3011 978 3100 superiorem

147 3105 237 3167 omni
251 3107 372 3170 honore
388 3104 466 3167 facit
483 3144 493 3166 .
518 3105 568 3168 Tu
581 3122 658 3166 vero
674 3101 845 3166 subvenies
862 3110 881 3190 (
897 3096 980 3162 mihi

147 3190 272 3275 crede)
297 3207 417 3274 tuaque
431 3207 526 3274 opera
542 3187 719 3273 plurimum
731 3193 761 3254 ἃ
775 3187 979 3252 authoritate

146 3277 305 3360 Rempub.
319 3275 512 3353 adjuvabis.
535 3275 627 3365 Qit
642 3273 726 3339 enim
742 3274 787 3339 ert
806 3276 895 3359 qnod
908 3288 983 3352 tane

148 3375 182 3424 ta
198 3365 304 3427 virtus
318 3385 379 3428 non
393 3378 491 3445 queat
508 3364 626 3427 efficere
641 3401 652 3433 ,
670 3358 843 3443 presertim
858 3374 912 3424 tot
923 3380 982 3422 or·

85 3450 88 3458 '
148 3452 310 3513 nomentio
337 3453 471 3513 fortune
497 3455 526 3518 ἃ
547 3446 733 3513 nobilitatis
752 3445 893 3534 adjura?
914 3443 983 3510 set

150 3532 358 3604 initiumtaru
373 3537 516 3624 preclari
539 3534 671 3625 operis,
694 3533 752 3598 niti
776 3555 837 3624 ego
858 3531 984 3608 failor,
1100 3530 1110 3551 ⁸

628 3623 695 3712 Tg
827 3670 829 3674 .
918 3620 981 3686 ribi
1090 3717 1097 3724 ·
