2534 4342
226 466 230 471 .
302 406 408 488 '²9⁴⁴
438 413 459 462 '-
493 410 703 482 lAco-Br
741 401 1045 475 SADOLETI

334 494 441 562 hiberi
458 538 468 560 .
494 499 568 564 Nou
581 500 666 564 euim
680 499 702 561 sr
717 496 892 562 concilium
913 495 994 560 caste
1010 485 1185 576 legitime·

337 605 401 667 que
416 585 564 650 habitum
582 607 647 665 nou
658 585 829 672 proderit,
846 583 913 648 alia
925 581 991 648 erit
1005 581 1183 666 expetlarr-

334 672 379 734 da
397 673 557 739 medicina
575 695 646 758 quse
659 693 755 760 opem
780 674 886 737 ferat.
908 672 969 735 Sed
993 667 1078 731 illud
1094 679 1186 731 certe

335 761 541 825 sbomnibus
554 762 649 826 uobis
662 760 913 827 existimandum
926 803 937 834 ,
948 761 1058 824 Deum
1072 755 1181 818 ireseu-

335 845 408 912 srrur
427 847 715 924 durissimorum,
746 845 1030 934 reposceutsmque
1052 842 1182 908 anobis

334 932 495 1006 scelerum
514 940 544 1002 ἃ
566 950 774 1022 peccatorum
796 953 932 1022 poenas,
953 953 1023 1019 quo
1043 927 1112 1018 ipse
1138 931 1182 994 sd

335 1021 500 1089 summum
525 1022 691 1108 intelligat
713 1024 773 1086 elle
792 1024 963 1111 perducta,
993 1023 1182 1104 supremum

333 1114 402 1191 jam
412 1111 578 1176 decretum
591 1110 630 1176 de
646 1111 781 1175 interitu
801 1111 912 1176 uostro
933 1110 1057 1175 fecisse·
1083 1105 1182 1199 Qa-

332 1213 468 1286 propter
477 1215 644 1264 occurrere
660 1197 754 1261 illius
770 1196 942 1262 iracundiae
956 1218 1014 1261 nos
1030 1208 1184 1279 oportet,

334 1286 524 1372 &precibus
538 1300 637 1370 atque
655 1286 811 1372 operibus
823 1307 892 1372 quse
907 1305 925 1348 a
948 1303 1024 1350 vera
1037 1282 1181 1346 humili-

337 1373 581 1446 tateinuobis,
607 1392 681 1439 uera
692 1373 871 1458 religione,
895 1369 1182 1458 uerapoeni-tenris

335 1474 485 1527 veter-um
513 1458 781 1537 maleficiorum,
801 1482 951 1544 novaque
977 1458 1185 1543 insequentis

332 1548 412 1616 vito
429 1547 618 1633 integritate
631 1550 798 1625 &iustitia
824 1547 1090 1635 proficiscantur,
1122 1566 1184 1613 arr·

333 1648 495 1702 revertere
510 1635 711 1702 vindicantis
727 1635 947 1713 severitatem,
957 1641 1046 1715 cujus
1061 1634 1182 1699 leuita-

335 1739 404 1791 tem
418 1723 593 1789 tolerantis
605 1724 731 1788 tamdiu
744 1724 954 1812 despeximus
968 1766 977 1785 .
1003 1725 1074 1788 lloc
1092 1723 1182 1787 enirn

335 1810 583 1897 deguimus&
604 1811 846 1897 confugerimus
871 1811 912 1874 ad
936 1813 1034 1897 ipsrus
1051 1806 1182 1874 miseri·

336 1898 504 1973 cordiam,
533 1897 739 1986 gemitusque
760 1921 825 1975 eos,
843 1900 1045 1967 ediderimus
1062 1940 1075 1971 ,
1093 1917 1184 1981 quos

334 2006 408 2055 acer
423 1987 550 2074 peccati
563 1985 686 2054 dolora
698 1989 794 2054 nobis
807 1987 994 2077 expresserit
1007 2030 1017 2060 ,
1032 1989 1184 2052 flectetur

334 2075 425 2164 ipse,
450 2079 532 2142 &ut
559 2075 665 2142 bouus
689 2077 733 2144 eti
761 2077 887 2144 infinite
910 2095 948 2140 ac
971 2072 1182 2150 misericors,

302 2239 304 2244 ,
332 2164 598 2232 converteturab
613 2164 660 2230 ira
672 2162 727 2232 sua
738 2181 751 2243 ,·
777 2167 911 2232 simulac
923 2182 983 2230 uos
1004 2159 1184 2232 couversos

291 2293 294 2297 >
335 2270 354 2317 a
369 2266 505 2341 peccato
519 2249 652 2319 senserit
665 2295 678 2316 .
697 2258 775 2341 Quo
789 2255 886 2361 rolris
901 2249 1113 2357 reconciliato
1125 2265 1184 2318 at·

333 2339 1184 2512 tltrlttttr{tltlll{llllldtttrtlt

304 2585 307 2591 ,
332 2526 423 2580 arma
439 2514 676 2592 crudelitatis,
702 2515 869 2583 sedetiam
882 2534 1004 2584 reuera
1021 2515 1192 2582 dumelli-„

334 2624 378 2671 cre
398 2603 573 2691 perfidiis.
603 2603 721 2670 Verum
744 2607 811 2670 herc
834 2601 1059 2674 reconciliatio
1082 2601 1186 2669 nullo

333 2690 406 2757 alio
419 2690 553 2779 prorsus
567 2693 663 2778 patto
686 2674 834 2761 universa
847 2699 876 2764 tr
891 2695 1016 2776 integra
1029 2710 1183 2758 cummo-

333 2778 378 2847 ἀι
395 2777 579 2865 tisri-potest
597 2823 608 2856 ,
628 2780 688 2846 nili·
700 2781 858 2868 generalis
881 2780 1013 2854 concilii
1026 2780 1179 2864 quodam

333 2870 424 2954 quasi
437 2869 584 2933 feriendo
594 2869 718 2937 fodere
733 2867 895 2935 sauciatur
910 2871 1013 2934 meam
1028 2869 1050 2931 sr
1063 2865 1181 2942 unius·

333 2955 492 3042 cujusque
505 2955 645 3020 arbirrio
663 2964 682 3045 (
697 2957 734 3020 id
749 2958 839 3042 quod
857 2958 1011 3038 sersuuuc
1024 2957 1091 3041 fit)
1112 2954 1181 3024 su·

334 3044 413 3110 vire
428 3043 587 3111 corretli'o
604 3046 842 3128 permittatur,
850 3045 990 3134 primunr
1005 3045 1115 3119 ‚haud
1128 3048 1181 3113 ita

262 3176 265 3181 -
333 3130 440 3195 mulri
462 3130 535 3195 suut
549 3131 606 3214 qui
633 3128 687 3195 sua
712 3131 827 3218 sponte
854 3125 1045 3198 moveantur
1060 3135 1102 3199 ad
1124 3133 1182 3220 pie

335 3217 555 3306 religioseque
577 3217 783 3301 visendum
800 3221 918 3288 deiude
941 3239 1038 3305 quarn
1053 3221 1184 3290 multos

335 3308 396 3372 elie
425 3307 670 3393 existimamus,
696 3308 752 3392 qui
778 3311 840 3377 iter
861 3311 980 3380 rectum
1003 3309 1173 3388 uesci-ant,

338 3410 438 3477 quarn
459 3396 585 3459 multos
596 3439 607 3468 ,
619 3396 680 3481 qui·
693 3397 723 3461 iu
735 3400 795 3465 hoc
810 3397 967 3464 vitiorum
980 3418 1090 3483 reguo,
1105 3419 1183 3483 quo·

333 3480 440 3546 rostra
458 3484 517 3547 hac
532 3500 626 3549 serare
643 3486 820 3571 plurimum
836 3487 965 3576 pollent
981 3487 1180 3573 vigentque,

337 3570 445 3662 multa·
460 3570 521 3660 libi
531 3571 731 3645 arbitrentur
754 3574 881 3686 licere,
907 3596 977 3665 quc
990 3575 1180 3667 tamenim·

1097 3683 1184 3754 pro-

1098 3782 1108 3815 i
