2534 4342
354 390 417 454 192
514 368 724 443 JAGOBI
762 367 1062 437 SADOLE'I'I

351 459 443 546 quod
456 458 591 524 habeam
606 455 778 543 antiquius
795 500 804 521 .
830 457 931 541 Quod
946 457 967 519 fi
981 458 1014 521 io
1038 456 1194 524 humaolr

349 548 532 615 eletionibus
549 550 578 612 ἃ
595 546 741 632 negotiis
758 543 889 620 ,valuit
901 543 1025 628 semper
1038 545 1126 631 apud
1145 566 1194 612 mr

351 637 438 702 ratio
452 634 548 700 officii
571 635 778 716 plurimum,
810 633 892 717 quid
919 631 1023 696 lacere
1048 633 1153 697 debeo
1169 632 1194 697 ir

352 722 475 789 divinis
493 722 506 788 ἓ
533 723 671 788 ExDeo
685 720 770 786 enim
782 721 825 784 eli
843 721 929 792 haec,
954 739 1018 783 non
1030 742 1070 785 ex
1085 719 1194 782 homi·

352 813 448 877 tribur
461 822 531 894 quae
552 810 634 876 mihi
657 830 732 874 cum
763 808 815 871 his
843 806 977 896 populis
1009 807 1194 872 neceffitudr

354 903 523 964 contraria
535 895 605 975 est',
631 918 729 981 quam
740 917 801 982 ego
816 896 895 960 dum
911 895 1039 979 integre
1051 897 1194 980 casteque

352 986 502 1051 custodio
519 987 565 1059 ,sr
580 985 686 1050 minue
700 983 804 1050 servio
819 982 1005 1049 commodis
1022 987 1052 1048 Se
1068 981 1194 1049 utilite·

352 1074 445 1138 tibur
460 1076 567 1148 meir,
593 1072 673 1137 ilior
689 1088 799 1137 tamen
811 1072 933 1136 fruitur
950 1072 1058 1135 molto
1071 1074 1194 1138 uberio.

351 1182 406 1227 ree
431 1159 633 1244 consequor,
655 1161 745 1245 quod
772 1176 907 1248 pacatur
935 1157 1077 1226 intus&
1108 1171 1194 1227 rotor

352 1251 436 1313 mihi
451 1268 586 1313 concors
599 1251 727 1330 optima
751 1269 823 1312 cum
838 1249 890 1335 spe
900 1247 979 1311 rivo
993 1288 1004 1311 .
1026 1249 1110 1312 Cum
1136 1249 1194 1335 igi·

353 1351 411 1403 tur
425 1335 488 1401 mei
505 1336 601 1421 hujus
611 1335 733 1402 laboris
745 1349 843 1419 atque
858 1335 954 1398 offitii
973 1337 1055 1399 bona
1070 1354 1144 1422 para
1159 1339 1194 1400 ai

352 1444 414 1489 vor
425 1423 534 1490 delata
547 1425 599 1505 rel
612 1428 727 1512 potine
739 1425 818 1487 mihi
831 1425 1071 1489 communicata
1086 1425 1126 1489 lit
1138 1445 1194 1488 vo·

353 1512 501 1585 hiscum,
528 1529 607 1600 peto
631 1514 792 1577 ambobus
815 1509 970 1585 arobie,
994 1526 1029 1575 ut
1056 1506 1194 1595 ejusdem

354 1601 456 1665 etiam
473 1621 599 1665 mecum
619 1605 648 1667 ἃ
669 1602 766 1663 studii
784 1603 812 1666 Sa
839 1618 922 1663 ture
944 1599 1122 1687 participes
1139 1602 1194 1668 ell'r

241 1685 243 1691 ’
351 1687 465 1753 velitis
478 1733 486 1750 .
499 1689 697 1773 Qranquam
710 1708 774 1752 oon
792 1699 860 1750 tam
872 1689 933 1749 hoc
944 1702 1053 1774 petere
1066 1730 1076 1761 ,
1101 1707 1194 1770 quam

351 1794 408 1843 me,
420 1775 517 1838 vobir
530 1776 651 1860 gratias
661 1795 752 1859 agere
762 1790 895 1857 oportet
909 1816 920 1847 ,
946 1791 1038 1840 tanta
1051 1774 1131 1837 milri
1148 1774 1194 1840 sa'·

353 1859 540 1927 tirfacieodi
552 1863 706 1926 voluntas
721 1861 872 1926 inliterir
883 1861 926 1927 est
940 1863 1116 1930 declarata.
1131 1862 1194 1928 Cu·

336 1950 405 2027 jue
420 1969 482 2032 ego
496 1965 582 2028 certe
597 1948 788 2013 memoriam
804 1962 962 2034 perpetuo
974 1949 1176 2016 conservabo
1191 1998 1194 2018 .

355 2035 438 2099 Vale
454 2033 498 2097 mi
515 2033 650 2122 Prosper
663 2039 692 2101 ἃ
703 2036 764 2099 tibi
784 2037 833 2100 ira
849 2036 1002 2120 persuade
1017 2080 1029 2112 .
1042 2058 1092 2101 me
1109 2040 1130 2101 o
1148 2042 1194 2105 fa·

354 2122 463 2189 cultae
477 2124 641 2189 &occasio
655 2122 784 2219 affuerit
794 2168 805 2199 ‚
833 2124 993 2190 fautorem
1009 2124 1132 2211 semper
1148 2129 1194 2192 fo·

226 2242 228 2247 ·
351 2231 387 2276 re
401 2215 429 2276 Se
448 2212 719 2296 amplificatorem
732 2224 792 2274 ture
805 2211 980 2294 dignitatis
1004 2258 1013 2278 .
1028 2216 1194 2298 Aragooio

351 2296 529 2386 plurimam
545 2302 597 2364 dir
610 2299 691 2363 meis
712 2301 820 2364 rerbir
838 2298 976 2369 salutem
991 2302 1194 2391 ·carpento·

260 2406 265 2414 ·
352 2385 433 2448 rasti
449 2385 538 2450 Prid.
551 2387 771 2456 ldrrrsaauar.
788 2403 827 2450 rr.
841 2405 879 2451 n.
893 2403 950 2455 aa.

532 2517 846 2582 errs‘roLA
891 2521 1013 2588 cccl.

390 2655 456 2715 Aa
490 2649 756 2718 catorrrat
794 2652 975 2739 Borrae.
1000 2617 1166 2745 aronae

357 2785 499 2959 Grsotirr,
519 2785 692 2940 'ifgmb
705 2782 803 2870 efficia
822 2785 856 2850 irr
869 2787 984 2854 Binum
995 2790 1194 2876 familiarem

417 2891 534 2940 uumco
567 2889 645 2940 arr.
1137 2937 1140 2942 ,

454 3007 539 3070 Elser
555 3007 633 3072 Gio.
648 3005 823 3074 francesco
834 3009 907 3076 Bini
920 3012 976 3099 (a)
1000 3011 1069 3077 mio
1085 3009 1194 3079 'antire

462 3092 624 3160 familiare
636 3094 676 3156 ed
690 3115 746 3157 ora
759 3097 842 3160 fatto
853 3098 1006 3163 Chierieo
1020 3097 1073 3163 del
1083 3099 1194 3164 oollro

354 3180 508 3262 collegio
523 3181 568 3244 mi
582 3184 623 3244 ha
638 3183 745 3244 molto
762 3185 961 3268 ringraziato
976 3206 1035 3251 coo
1046 3188 1168 3252 lettere
1182 3227 1194 3263 ,

296 3342 302 3356 ι
352 3285 445 3334 rome
457 3267 493 3332 io
520 3267 546 3334 1·
558 3268 652 3336 abbia
666 3270 899 3354 grandemeate
915 3272 1088 3351 moretoin
1104 3288 1194 3339 orte·

589 3392 593 3399 ·
1121 3381 1194 3428 nere

387 3541 441 3611 (a)
462 3547 580 3626 DeBiro
593 3551 767 3624 erroreque
785 3552 854 3617 aitte
871 3555 971 3620 suntin
988 3556 1062 3624 Nil!
1074 3554 1194 3635 “triste

262 3659 266 3666 .
351 3618 468 3677 exalt.
481 3629 663 3701 pertempta.
677 3643 744 3700 tn·
947 3633 971 3638 '⁸
