<?xml version="1.0" encoding="UTF-8"?>
<!DOCTYPE html PUBLIC "-//W3C//DTD XHTML 1.0 Transitional//EN"
    "http://www.w3.org/TR/xhtml1/DTD/xhtml1-transitional.dtd">
<html xmlns="http://www.w3.org/1999/xhtml" xml:lang="en" lang="en">
 <head>
  <title>
</title>
<meta http-equiv="Content-Type" content="text/html;charset=utf-8" />
  <meta name='ocr-system' content='tesseract 3.04.00' />
  <meta name='ocr-capabilities' content='ocr_page ocr_carea ocr_par ocr_line ocrx_word'/>
</head>
<body>
  <div class='ocr_page' id='page_1' title='image "./jacobisadoletie00sadogoog_0431.png"; bbox 0 0 2534 4342; ppageno 0'>
   <div class='ocr_carea' id='block_1_1' title="bbox 184 376 1185 3525">
    <p class='ocr_par' dir='ltr' id='par_1_1' title="bbox 184 376 1185 3525">
     <span class='ocr_line' id='line_1_1' title="bbox 291 376 1003 456; baseline 0 -10"><span class='ocrx_word' id='word_1_1' title='bbox 291 381 363 456; x_wconf 72' lang='lat'>&#39;420&#39;</span> <span class='ocrx_word' id='word_1_2' title='bbox 462 376 666 449; x_wconf 75' lang='lat' dir='ltr'><strong>tttcoot</strong></span> <span class='ocrx_word' id='word_1_3' title='bbox 702 376 1003 446; x_wconf 75' lang='lat' dir='ltr'>SADOLETI</span> 
     </span>
     <span class='ocr_line' id='line_1_2' title="bbox 291 461 1139 549; baseline 0.002 -18"><span class='ocrx_word' id='word_1_4' title='bbox 291 481 348 533; x_wconf 79' lang='lat' dir='ltr'><strong>tor</strong></span> <span class='ocrx_word' id='word_1_5' title='bbox 374 461 501 530; x_wconf 81' lang='lat' dir='ltr'><strong>sublata</strong></span> <span class='ocrx_word' id='word_1_6' title='bbox 515 510 526 544; x_wconf 88' lang='lat'><strong>,</strong></span> <span class='ocrx_word' id='word_1_7' title='bbox 550 485 614 549; x_wconf 79' lang='lat' dir='ltr'><strong>qut</strong></span> <span class='ocrx_word' id='word_1_8' title='bbox 638 479 732 532; x_wconf 79' lang='lat' dir='ltr'><strong>antea</strong></span> <span class='ocrx_word' id='word_1_9' title='bbox 748 466 1029 533; x_wconf 78' lang='lat' dir='ltr'><strong>sustentabamur.</strong></span> <span class='ocrx_word' id='word_1_10' title='bbox 1053 467 1139 533; x_wconf 84' lang='lat' dir='ltr'><strong>Ntnr</strong></span> 
     </span>
     <span class='ocr_line' id='line_1_3' title="bbox 290 553 1142 641; baseline -0.002 -21"><span class='ocrx_word' id='word_1_11' title='bbox 290 558 349 641; x_wconf 86' lang='lat' dir='ltr'><strong>qui</strong></span> <span class='ocrx_word' id='word_1_12' title='bbox 370 556 489 627; x_wconf 54' lang='lat' dir='ltr'><strong>introi</strong></span> <span class='ocrx_word' id='word_1_13' title='bbox 509 575 582 618; x_wconf 83' lang='lat' dir='ltr'><strong>oum</strong></span> <span class='ocrx_word' id='word_1_14' title='bbox 600 572 617 615; x_wconf 83' lang='lat' dir='ltr'>a</span> <span class='ocrx_word' id='word_1_15' title='bbox 634 553 732 620; x_wconf 81' lang='lat' dir='ltr'><strong>nobis</strong></span> <span class='ocrx_word' id='word_1_16' title='bbox 755 557 840 622; x_wconf 79' lang='lat' dir='ltr'><strong>&amp;ab</strong></span> <span class='ocrx_word' id='word_1_17' title='bbox 855 555 996 620; x_wconf 77' lang='lat' dir='ltr'><strong>Ecclesia</strong></span> <span class='ocrx_word' id='word_1_18' title='bbox 1013 554 1142 618; x_wconf 80' lang='lat' dir='ltr'><strong>Cotho-</strong></span> 
     </span>
     <span class='ocr_line' id='line_1_4' title="bbox 290 641 1140 725; baseline 0.002 -17"><span class='ocrx_word' id='word_1_19' title='bbox 290 645 356 708; x_wconf 83' lang='lat' dir='ltr'><strong>lica</strong></span> <span class='ocrx_word' id='word_1_20' title='bbox 383 642 524 725; x_wconf 72' lang='lat' dir='ltr'><strong>graviter</strong></span> <span class='ocrx_word' id='word_1_21' title='bbox 554 641 783 716; x_wconf 79' lang='lat' dir='ltr'><strong>dissentirent,</strong></span> <span class='ocrx_word' id='word_1_22' title='bbox 807 643 916 706; x_wconf 87' lang='lat' dir='ltr'><strong>omnia</strong></span> <span class='ocrx_word' id='word_1_23' title='bbox 945 643 999 707; x_wconf 84' lang='lat' dir='ltr'><strong>sua</strong></span> <span class='ocrx_word' id='word_1_24' title='bbox 1031 658 1140 709; x_wconf 85' lang='lat' dir='ltr'><strong>tamen</strong></span> 
     </span>
     <span class='ocr_line' id='line_1_5' title="bbox 290 726 1140 818; baseline -0.005 -23"><span class='ocrx_word' id='word_1_25' title='bbox 290 729 445 796; x_wconf 74' lang='lat' dir='ltr'>Concilio</span> <span class='ocrx_word' id='word_1_26' title='bbox 470 726 500 794; x_wconf 88' lang='lat' dir='ltr'><strong>se</strong></span> <span class='ocrx_word' id='word_1_27' title='bbox 531 732 591 794; x_wconf 86' lang='lat' dir='ltr'><strong>elle</strong></span> <span class='ocrx_word' id='word_1_28' title='bbox 613 731 821 815; x_wconf 81' lang='lat' dir='ltr'><strong>permissuros</strong></span> <span class='ocrx_word' id='word_1_29' title='bbox 858 731 1103 818; x_wconf 82' lang='lat' dir='ltr'>pollicebantur</span> <span class='ocrx_word' id='word_1_30' title='bbox 1127 752 1140 810; x_wconf 76' lang='grc' dir='ltr'><strong>ς</strong></span> 
     </span>
     <span class='ocr_line' id='line_1_6' title="bbox 289 817 1141 901; baseline -0.007 -17"><span class='ocrx_word' id='word_1_31' title='bbox 289 838 375 885; x_wconf 82' lang='lat' dir='ltr'><strong>nunc</strong></span> <span class='ocrx_word' id='word_1_32' title='bbox 401 817 609 900; x_wconf 83' lang='lat' dir='ltr'><strong>posteaquam</strong></span> <span class='ocrx_word' id='word_1_33' title='bbox 637 818 796 883; x_wconf 78' lang='lat' dir='ltr'><strong>indietum</strong></span> <span class='ocrx_word' id='word_1_34' title='bbox 828 834 1141 901; x_wconf 54' lang='lat' dir='ltr'><strong>conuocatumqug,</strong></span> 
     </span>
     <span class='ocr_line' id='line_1_7' title="bbox 289 905 1152 991; baseline 0.005 -21"><span class='ocrx_word' id='word_1_35' title='bbox 289 905 477 970; x_wconf 79' lang='lat' dir='ltr'>Concilium</span> <span class='ocrx_word' id='word_1_36' title='bbox 502 908 573 981; x_wconf 83' lang='lat' dir='ltr'><strong>est,</strong></span> <span class='ocrx_word' id='word_1_37' title='bbox 605 927 677 971; x_wconf 84' lang='lat' dir='ltr'><strong>cum</strong></span> <span class='ocrx_word' id='word_1_38' title='bbox 702 910 874 970; x_wconf 72' lang='lat' dir='ltr'><strong>retractent</strong></span> <span class='ocrx_word' id='word_1_39' title='bbox 902 907 1152 991; x_wconf 71' lang='lat' dir='ltr'><strong>promissionem„</strong></span> 
     </span>
     <span class='ocr_line' id='line_1_8' title="bbox 289 972 1143 1078; baseline 0.002 -20"><span class='ocrx_word' id='word_1_40' title='bbox 289 991 381 1058; x_wconf 82' lang='lat' dir='ltr'><strong>snam</strong></span> <span class='ocrx_word' id='word_1_41' title='bbox 396 1035 406 1065; x_wconf 91' lang='lat'>,</span> <span class='ocrx_word' id='word_1_42' title='bbox 431 992 637 1078; x_wconf 88' lang='lat' dir='ltr'><strong>plurimaque</strong></span> <span class='ocrx_word' id='word_1_43' title='bbox 664 994 743 1059; x_wconf 87' lang='lat' dir='ltr'><strong>dent</strong></span> <span class='ocrx_word' id='word_1_44' title='bbox 768 972 917 1067; x_wconf 83' lang='lat' dir='ltr'><strong>indicia,</strong></span> <span class='ocrx_word' id='word_1_45' title='bbox 941 1013 1004 1056; x_wconf 90' lang='lat' dir='ltr'><strong>non</strong></span> <span class='ocrx_word' id='word_1_46' title='bbox 1030 994 1143 1060; x_wconf 88' lang='lat' dir='ltr'><strong>solunt</strong></span> 
     </span>
     <span class='ocr_line' id='line_1_9' title="bbox 287 1079 1141 1169; baseline 0.004 -23"><span class='ocrx_word' id='word_1_47' title='bbox 287 1079 888 1169; x_wconf 81' lang='lat' dir='ltr'><strong>noncommutatipristinianimilui,</strong></span> <span class='ocrx_word' id='word_1_48' title='bbox 908 1083 1141 1149; x_wconf 77' lang='lat' dir='ltr'>verumetiam</span> 
     </span>
     <span class='ocr_line' id='line_1_10' title="bbox 269 1169 1143 1255; baseline 0.002 -23"><span class='ocrx_word' id='word_1_49' title='bbox 269 1169 324 1232; x_wconf 55' lang='lat' dir='ltr'><strong>¹&#39;in</strong></span> <span class='ocrx_word' id='word_1_50' title='bbox 351 1170 460 1254; x_wconf 72' lang='lat' dir='ltr'><strong>praeit</strong></span> <span class='ocrx_word' id='word_1_51' title='bbox 493 1169 706 1255; x_wconf 77' lang='lat' dir='ltr'><strong>opinionibus</strong></span> <span class='ocrx_word' id='word_1_52' title='bbox 731 1169 955 1235; x_wconf 81' lang='lat' dir='ltr'><strong>vehementior</strong></span> <span class='ocrx_word' id='word_1_53' title='bbox 992 1172 1143 1253; x_wconf 79' lang='lat' dir='ltr'><strong>pertina-</strong></span> 
     </span>
     <span class='ocr_line' id='line_1_11' title="bbox 290 1253 1147 1342; baseline 0.006 -23"><span class='ocrx_word' id='word_1_54' title='bbox 290 1256 362 1333; x_wconf 59' lang='grc' dir='ltr'><strong>σὴς</strong></span> <span class='ocrx_word' id='word_1_55' title='bbox 385 1274 449 1338; x_wconf 83' lang='lat' dir='ltr'><strong>qut</strong></span> <span class='ocrx_word' id='word_1_56' title='bbox 462 1253 515 1340; x_wconf 89' lang='lat' dir='ltr'><strong>spe</strong></span> <span class='ocrx_word' id='word_1_57' title='bbox 527 1259 695 1342; x_wconf 81' lang='lat' dir='ltr'><strong>polluntur</strong></span> <span class='ocrx_word' id='word_1_58' title='bbox 710 1257 793 1331; x_wconf 89' lang='lat' dir='ltr'><strong>niti,</strong></span> <span class='ocrx_word' id='word_1_59' title='bbox 817 1274 853 1320; x_wconf 84' lang='lat' dir='ltr'><strong>ur</strong></span> <span class='ocrx_word' id='word_1_60' title='bbox 867 1262 966 1321; x_wconf 79' lang='lat' dir='ltr'><strong>turbe</strong></span> <span class='ocrx_word' id='word_1_61' title='bbox 980 1260 1027 1329; x_wconf 69' lang='lat' dir='ltr'><strong>he</strong></span> <span class='ocrx_word' id='word_1_62' title='bbox 1042 1281 1147 1341; x_wconf 73' lang='lat' dir='ltr'><strong>,quie¹</strong></span> 
     </span>
     <span class='ocr_line' id='line_1_12' title="bbox 289 1342 1141 1430; baseline 0.006 -24"><span class='ocrx_word' id='word_1_63' title='bbox 289 1345 401 1407; x_wconf 79' lang='lat' dir='ltr'><strong>omnia</strong></span> <span class='ocrx_word' id='word_1_64' title='bbox 413 1345 524 1408; x_wconf 72' lang='lat' dir='ltr'><strong>divine</strong></span> <span class='ocrx_word' id='word_1_65' title='bbox 539 1348 746 1428; x_wconf 79' lang='lat' dir='ltr'><strong>humanaque</strong></span> <span class='ocrx_word' id='word_1_66' title='bbox 759 1342 1014 1430; x_wconf 79' lang='lat' dir='ltr'><strong>permiscuerunt</strong></span> <span class='ocrx_word' id='word_1_67' title='bbox 1029 1389 1039 1419; x_wconf 89' lang='lat'>,</span> <span class='ocrx_word' id='word_1_68' title='bbox 1067 1347 1141 1411; x_wconf 80' lang='lat' dir='ltr'><strong>ali·</strong></span> 
     </span>
     <span class='ocr_line' id='line_1_13' title="bbox 263 1431 1139 1525; baseline 0.008 -32"><span class='ocrx_word' id='word_1_69' title='bbox 263 1506 276 1525; x_wconf 80' lang='lat'><em>.</em></span> <span class='ocrx_word' id='word_1_70' title='bbox 288 1433 423 1514; x_wconf 86' lang='lat' dir='ltr'><strong>quando</strong></span> <span class='ocrx_word' id='word_1_71' title='bbox 437 1449 514 1517; x_wconf 78' lang='lat' dir='ltr'><strong>pace</strong></span> <span class='ocrx_word' id='word_1_72' title='bbox 534 1434 801 1514; x_wconf 84' lang='lat' dir='ltr'><strong>consenfioneque</strong></span> <span class='ocrx_word' id='word_1_73' title='bbox 817 1432 977 1497; x_wconf 83' lang='lat' dir='ltr'><strong>tollantur</strong></span> <span class='ocrx_word' id='word_1_74' title='bbox 993 1431 1006 1496; x_wconf 74' lang='grc' dir='ltr'><strong><em>ἓ</em></strong></span> <span class='ocrx_word' id='word_1_75' title='bbox 1024 1439 1139 1517; x_wconf 79' lang='lat' dir='ltr'><strong>Atque</strong></span> 
     </span>
     <span class='ocr_line' id='line_1_14' title="bbox 287 1520 1138 1606; baseline 0.006 -24"><span class='ocrx_word' id='word_1_76' title='bbox 287 1520 438 1593; x_wconf 73' lang='lat' dir='ltr'><strong>utinam,</strong></span> <span class='ocrx_word' id='word_1_77' title='bbox 462 1523 551 1604; x_wconf 90' lang='lat' dir='ltr'><strong>quod</strong></span> <span class='ocrx_word' id='word_1_78' title='bbox 567 1538 604 1587; x_wconf 85' lang='lat' dir='ltr'><strong>tu</strong></span> <span class='ocrx_word' id='word_1_79' title='bbox 618 1522 742 1587; x_wconf 80' lang='lat' dir='ltr'><strong>uidetis</strong></span> <span class='ocrx_word' id='word_1_80' title='bbox 754 1521 912 1586; x_wconf 87' lang='lat' dir='ltr'><strong>confidere</strong></span> <span class='ocrx_word' id='word_1_81' title='bbox 926 1561 936 1593; x_wconf 83' lang='lat'><strong>,</strong></span> <span class='ocrx_word' id='word_1_82' title='bbox 950 1538 1019 1583; x_wconf 80' lang='lat' dir='ltr'><strong>mea</strong></span> <span class='ocrx_word' id='word_1_83' title='bbox 1035 1543 1138 1606; x_wconf 76' lang='lat' dir='ltr'><strong>opera</strong></span> 
     </span>
     <span class='ocr_line' id='line_1_15' title="bbox 184 1606 1141 1693; baseline 0.004 -23"><span class='ocrx_word' id='word_1_84' title='bbox 184 1628 188 1636; x_wconf 84' lang='lat'><em>·</em></span> <span class='ocrx_word' id='word_1_85' title='bbox 286 1606 389 1691; x_wconf 70' lang='lat' dir='ltr'><strong>{tque</strong></span> <span class='ocrx_word' id='word_1_86' title='bbox 415 1608 572 1674; x_wconf 73' lang='lat' dir='ltr'><strong>industria</strong></span> <span class='ocrx_word' id='word_1_87' title='bbox 597 1610 726 1693; x_wconf 82' lang='lat' dir='ltr'><strong>aliqultl</strong></span> <span class='ocrx_word' id='word_1_88' title='bbox 752 1609 897 1691; x_wconf 81' lang='lat' dir='ltr'><strong>prodesse</strong></span> <span class='ocrx_word' id='word_1_89' title='bbox 922 1608 1141 1691; x_wconf 82' lang='lat' dir='ltr'><strong>poiletClrri·</strong></span> 
     </span>
     <span class='ocr_line' id='line_1_16' title="bbox 287 1694 1139 1780; baseline 0.008 -24"><span class='ocrx_word' id='word_1_90' title='bbox 287 1695 398 1758; x_wconf 80' lang='lat' dir='ltr'><strong>stianrr</strong></span> <span class='ocrx_word' id='word_1_91' title='bbox 422 1695 634 1780; x_wconf 78' lang='lat' dir='ltr'><strong>reipublicoe3</strong></span> <span class='ocrx_word' id='word_1_92' title='bbox 659 1717 718 1760; x_wconf 82' lang='lat' dir='ltr'><strong>noe</strong></span> <span class='ocrx_word' id='word_1_93' title='bbox 741 1697 801 1759; x_wconf 88' lang='lat' dir='ltr'><strong>hoc</strong></span> <span class='ocrx_word' id='word_1_94' title='bbox 820 1697 977 1759; x_wconf 80' lang='lat' dir='ltr'><strong>damnum</strong></span> <span class='ocrx_word' id='word_1_95' title='bbox 1004 1694 1139 1763; x_wconf 74' lang='lat' dir='ltr'><strong>violare</strong></span> 
     </span>
     <span class='ocr_line' id='line_1_17' title="bbox 286 1781 1137 1869; baseline 0.008 -25"><span class='ocrx_word' id='word_1_96' title='bbox 286 1783 550 1868; x_wconf 79' lang='lat' dir='ltr'><strong>perturbttaeqne</strong></span> <span class='ocrx_word' id='word_1_97' title='bbox 568 1783 739 1869; x_wconf 78' lang='lat' dir='ltr'><strong>religionis</strong></span> <span class='ocrx_word' id='word_1_98' title='bbox 750 1826 761 1856; x_wconf 87' lang='lat'>,</span> <span class='ocrx_word' id='word_1_99' title='bbox 784 1782 836 1846; x_wconf 86' lang='lat' dir='ltr'><strong>uel</strong></span> <span class='ocrx_word' id='word_1_100' title='bbox 856 1786 965 1847; x_wconf 84' lang='lat' dir='ltr'><strong>nostro</strong></span> <span class='ocrx_word' id='word_1_101' title='bbox 980 1781 1137 1866; x_wconf 83' lang='lat' dir='ltr'><strong>&#39;ipsorum</strong></span> 
     </span>
     <span class='ocr_line' id='line_1_18' title="bbox 286 1869 1139 1952; baseline 0.004 -22"><span class='ocrx_word' id='word_1_102' title='bbox 286 1869 441 1952; x_wconf 81' lang='lat' dir='ltr'><strong>sanguine</strong></span> <span class='ocrx_word' id='word_1_103' title='bbox 458 1869 595 1947; x_wconf 79' lang='lat' dir='ltr'><strong>libenter</strong></span> <span class='ocrx_word' id='word_1_104' title='bbox 622 1871 880 1936; x_wconf 80' lang='lat' dir='ltr'><strong>redimeremus·</strong></span> <span class='ocrx_word' id='word_1_105' title='bbox 908 1872 968 1938; x_wconf 80' lang='lat' dir='ltr'><strong>Sed</strong></span> <span class='ocrx_word' id='word_1_106' title='bbox 990 1891 1063 1933; x_wconf 85' lang='lat' dir='ltr'><strong>cum</strong></span> <span class='ocrx_word' id='word_1_107' title='bbox 1079 1895 1139 1939; x_wconf 88' lang='lat' dir='ltr'><strong>ne-</strong></span> 
     </span>
     <span class='ocr_line' id='line_1_19' title="bbox 287 1955 1137 2043; baseline 0.006 -23"><span class='ocrx_word' id='word_1_108' title='bbox 287 1976 352 2040; x_wconf 86' lang='lat' dir='ltr'><strong>que</strong></span> <span class='ocrx_word' id='word_1_109' title='bbox 368 1957 496 2040; x_wconf 86' lang='lat' dir='ltr'><strong>ingenio</strong></span> <span class='ocrx_word' id='word_1_110' title='bbox 512 1955 676 2033; x_wconf 88' lang='lat' dir='ltr'><strong>multum,</strong></span> <span class='ocrx_word' id='word_1_111' title='bbox 699 1961 727 2023; x_wconf 82' lang='lat'>&amp;</span> <span class='ocrx_word' id='word_1_112' title='bbox 741 1959 936 2022; x_wconf 62' lang='lat' dir='ltr'><strong>auctoritate</strong></span> <span class='ocrx_word' id='word_1_113' title='bbox 958 1956 1039 2020; x_wconf 86' lang='lat' dir='ltr'><strong>nihil</strong></span> <span class='ocrx_word' id='word_1_114' title='bbox 1056 1958 1137 2043; x_wconf 86' lang='lat' dir='ltr'><strong>pos·</strong></span> 
     </span>
     <span class='ocr_line' id='line_1_20' title="bbox 282 2044 1133 2129; baseline 0.001 -18"><span class='ocrx_word' id='word_1_115' title='bbox 282 2047 369 2111; x_wconf 76' lang='lat' dir='ltr'><strong>tim:</strong></span> <span class='ocrx_word' id='word_1_116' title='bbox 393 2047 481 2128; x_wconf 90' lang='lat' dir='ltr'><strong>quod</strong></span> <span class='ocrx_word' id='word_1_117' title='bbox 496 2059 625 2110; x_wconf 83' lang='lat' dir='ltr'><strong>tantum</strong></span> <span class='ocrx_word' id='word_1_118' title='bbox 645 2044 724 2111; x_wconf 82' lang='lat' dir='ltr'><strong>milri</strong></span> <span class='ocrx_word' id='word_1_119' title='bbox 739 2047 881 2120; x_wconf 85' lang='lat' dir='ltr'><strong>tribuis,</strong></span> <span class='ocrx_word' id='word_1_120' title='bbox 904 2047 938 2109; x_wconf 86' lang='lat' dir='ltr'><strong>id</strong></span> <span class='ocrx_word' id='word_1_121' title='bbox 950 2067 1010 2129; x_wconf 87' lang='lat' dir='ltr'><strong>ego</strong></span> <span class='ocrx_word' id='word_1_122' title='bbox 1025 2048 1133 2112; x_wconf 84' lang='lat' dir='ltr'><strong>amoti</strong></span> 
     </span>
     <span class='ocr_line' id='line_1_21' title="bbox 287 2135 1185 2219; baseline 0.002 -23"><span class='ocrx_word' id='word_1_123' title='bbox 287 2148 350 2196; x_wconf 82' lang='lat' dir='ltr'><strong>tuo</strong></span> <span class='ocrx_word' id='word_1_124' title='bbox 363 2151 437 2218; x_wconf 79' lang='lat' dir='ltr'><strong>erga</strong></span> <span class='ocrx_word' id='word_1_125' title='bbox 450 2154 522 2210; x_wconf 87' lang='lat' dir='ltr'><strong>me,</strong></span> <span class='ocrx_word' id='word_1_126' title='bbox 545 2154 607 2199; x_wconf 91' lang='lat' dir='ltr'><strong>non</strong></span> <span class='ocrx_word' id='word_1_127' title='bbox 620 2135 673 2201; x_wconf 91' lang='lat' dir='ltr'><strong>illi</strong></span> <span class='ocrx_word' id='word_1_128' title='bbox 690 2152 757 2217; x_wconf 88' lang='lat' dir='ltr'><strong>quo</strong></span> <span class='ocrx_word' id='word_1_129' title='bbox 770 2135 886 2199; x_wconf 77' lang='lat' dir='ltr'><strong>ceteris</strong></span> <span class='ocrx_word' id='word_1_130' title='bbox 901 2137 932 2198; x_wconf 91' lang='lat' dir='ltr'><strong>in</strong></span> <span class='ocrx_word' id='word_1_131' title='bbox 947 2137 1042 2196; x_wconf 76' lang='lat' dir='ltr'><strong>rebus</strong></span> <span class='ocrx_word' id='word_1_132' title='bbox 1056 2136 1138 2219; x_wconf 90' lang='lat' dir='ltr'><strong>plu·</strong></span> <span class='ocrx_word' id='word_1_133' title='bbox 1182 2156 1185 2173; x_wconf 91' lang='lat'><strong>··</strong></span> 
     </span>
     <span class='ocr_line' id='line_1_22' title="bbox 284 2200 1185 2307; baseline 0.003 -22"><span class='ocrx_word' id='word_1_134' title='bbox 284 2222 410 2292; x_wconf 75' lang='lat' dir='ltr'><strong>simunt</strong></span> <span class='ocrx_word' id='word_1_135' title='bbox 436 2222 525 2288; x_wconf 78' lang='lat' dir='ltr'><strong>ualet</strong></span> <span class='ocrx_word' id='word_1_136' title='bbox 547 2223 673 2301; x_wconf 85' lang='lat' dir='ltr'><strong>iuditio</strong></span> <span class='ocrx_word' id='word_1_137' title='bbox 698 2223 758 2286; x_wconf 78' lang='lat' dir='ltr'><strong>else</strong></span> <span class='ocrx_word' id='word_1_138' title='bbox 786 2223 999 2306; x_wconf 76' lang='lat' dir='ltr'><strong>affigntndum</strong></span> <span class='ocrx_word' id='word_1_139' title='bbox 1024 2238 1135 2307; x_wconf 83' lang='lat' dir='ltr'><strong>puto.</strong></span> <span class='ocrx_word' id='word_1_140' title='bbox 1179 2200 1185 2285; x_wconf 82' lang='lat' dir='ltr'><strong>i</strong></span> 
     </span>
     <span class='ocr_line' id='line_1_23' title="bbox 290 2308 1185 2401; baseline 0.003 -28"><span class='ocrx_word' id='word_1_141' title='bbox 290 2311 411 2393; x_wconf 81' lang='lat' dir='ltr'><strong>Verum</strong></span> <span class='ocrx_word' id='word_1_142' title='bbox 438 2329 573 2395; x_wconf 86' lang='lat' dir='ltr'><strong>quoquo</strong></span> <span class='ocrx_word' id='word_1_143' title='bbox 598 2308 629 2374; x_wconf 86' lang='lat' dir='ltr'><strong>se</strong></span> <span class='ocrx_word' id='word_1_144' title='bbox 654 2311 755 2373; x_wconf 86' lang='lat' dir='ltr'><strong>modo</strong></span> <span class='ocrx_word' id='word_1_145' title='bbox 785 2311 923 2374; x_wconf 75' lang='lat' dir='ltr'><strong>habeant</strong></span> <span class='ocrx_word' id='word_1_146' title='bbox 942 2309 1134 2375; x_wconf 78' lang='lat' dir='ltr'><strong>Chellllanae</strong></span> <span class='ocrx_word' id='word_1_147' title='bbox 1177 2308 1185 2401; x_wconf 38' lang='lat' dir='ltr'><strong>,l</strong></span> 
     </span>
     <span class='ocr_line' id='line_1_24' title="bbox 287 2393 1185 2484; baseline 0.003 -22"><span class='ocrx_word' id='word_1_148' title='bbox 287 2418 368 2468; x_wconf 81' lang='lat' dir='ltr'><strong>res,</strong></span> <span class='ocrx_word' id='word_1_149' title='bbox 392 2393 449 2458; x_wconf 80' lang='lat' dir='ltr'><strong>illa</strong></span> <span class='ocrx_word' id='word_1_150' title='bbox 469 2400 512 2462; x_wconf 86' lang='lat' dir='ltr'><strong>ell</strong></span> <span class='ocrx_word' id='word_1_151' title='bbox 539 2397 611 2484; x_wconf 85' lang='lat' dir='ltr'><strong>sper</strong></span> <span class='ocrx_word' id='word_1_152' title='bbox 635 2397 728 2462; x_wconf 80' lang='lat' dir='ltr'><strong>nobis</strong></span> <span class='ocrx_word' id='word_1_153' title='bbox 754 2396 785 2458; x_wconf 87' lang='lat' dir='ltr'><strong>in</strong></span> <span class='ocrx_word' id='word_1_154' title='bbox 800 2400 907 2462; x_wconf 85' lang='lat' dir='ltr'><strong>Deum</strong></span> <span class='ocrx_word' id='word_1_155' title='bbox 931 2397 1136 2471; x_wconf 71' lang='lat' dir='ltr'><strong>conjiciendo</strong></span> <span class='ocrx_word' id='word_1_156' title='bbox 1184 2458 1185 2465; x_wconf 74' lang='grc'>,</span> 
     </span>
     <span class='ocr_line' id='line_1_25' title="bbox 286 2481 1134 2570; baseline 0.006 -23"><span class='ocrx_word' id='word_1_157' title='bbox 286 2484 415 2547; x_wconf 70' lang='lat' dir='ltr'><strong>firmior</strong></span> <span class='ocrx_word' id='word_1_158' title='bbox 426 2525 437 2557; x_wconf 89' lang='lat'><strong><em>,</em></strong></span> <span class='ocrx_word' id='word_1_159' title='bbox 458 2485 548 2566; x_wconf 82' lang='lat' dir='ltr'><strong>quod</strong></span> <span class='ocrx_word' id='word_1_160' title='bbox 565 2487 592 2548; x_wconf 85' lang='lat' dir='ltr'><strong>it</strong></span> <span class='ocrx_word' id='word_1_161' title='bbox 619 2505 678 2568; x_wconf 88' lang='lat' dir='ltr'><strong>pro</strong></span> <span class='ocrx_word' id='word_1_162' title='bbox 691 2482 746 2548; x_wconf 82' lang='lat' dir='ltr'><strong>sun</strong></span> <span class='ocrx_word' id='word_1_163' title='bbox 764 2481 888 2548; x_wconf 85' lang='lat' dir='ltr'><strong>summa</strong></span> <span class='ocrx_word' id='word_1_164' title='bbox 912 2502 1134 2570; x_wconf 86' lang='lat' dir='ltr'><strong>perpetuaque</strong></span> 
     </span>
     <span class='ocr_line' id='line_1_26' title="bbox 285 2571 1136 2656; baseline 0.005 -22"><span class='ocrx_word' id='word_1_165' title='bbox 285 2571 491 2656; x_wconf 80' lang='lat' dir='ltr'><strong>benignitate</strong></span> <span class='ocrx_word' id='word_1_166' title='bbox 505 2576 534 2638; x_wconf 76' lang='grc' dir='ltr'><strong>ἃ</strong></span> <span class='ocrx_word' id='word_1_167' title='bbox 548 2571 721 2637; x_wconf 84' lang='lat' dir='ltr'><strong>clementia</strong></span> <span class='ocrx_word' id='word_1_168' title='bbox 741 2573 883 2656; x_wconf 82' lang='lat' dir='ltr'><strong>populos</strong></span> <span class='ocrx_word' id='word_1_169' title='bbox 900 2571 974 2637; x_wconf 82' lang='lat' dir='ltr'><strong>suot</strong></span> <span class='ocrx_word' id='word_1_170' title='bbox 990 2572 1136 2638; x_wconf 82' lang='lat' dir='ltr'><strong>servabit</strong></span> 
     </span>
     <span class='ocr_line' id='line_1_27' title="bbox 284 2659 1135 2744; baseline 0.005 -22"><span class='ocrx_word' id='word_1_171' title='bbox 284 2659 328 2722; x_wconf 68' lang='lat' dir='ltr'><strong>ab</strong></span> <span class='ocrx_word' id='word_1_172' title='bbox 351 2659 640 2741; x_wconf 52' lang='lat' dir='ltr'><strong>interitu„,neque</strong></span> <span class='ocrx_word' id='word_1_173' title='bbox 664 2662 791 2744; x_wconf 78' lang='lat' dir='ltr'><strong>gentem</strong></span> <span class='ocrx_word' id='word_1_174' title='bbox 816 2661 972 2724; x_wconf 72' lang='lat' dir='ltr'><strong>deleslam</strong></span> <span class='ocrx_word' id='word_1_175' title='bbox 1000 2663 1039 2723; x_wconf 81' lang='lat' dir='ltr'><strong>ab</strong></span> <span class='ocrx_word' id='word_1_176' title='bbox 1067 2661 1135 2726; x_wconf 83' lang='lat' dir='ltr'><strong>sese</strong></span> 
     </span>
     <span class='ocr_line' id='line_1_28' title="bbox 286 2745 1135 2831; baseline 0.002 -20"><span class='ocrx_word' id='word_1_177' title='bbox 286 2745 522 2811; x_wconf 84' lang='lat' dir='ltr'><strong>nonnullorum</strong></span> <span class='ocrx_word' id='word_1_178' title='bbox 534 2745 651 2813; x_wconf 85' lang='lat' dir='ltr'><strong>scelere</strong></span> <span class='ocrx_word' id='word_1_179' title='bbox 669 2763 768 2831; x_wconf 86' lang='lat' dir='ltr'><strong>atque</strong></span> <span class='ocrx_word' id='word_1_180' title='bbox 782 2748 914 2831; x_wconf 84' lang='lat' dir='ltr'><strong>perfidia</strong></span> <span class='ocrx_word' id='word_1_181' title='bbox 929 2747 998 2810; x_wconf 85' lang='lat' dir='ltr'><strong>dari</strong></span> <span class='ocrx_word' id='word_1_182' title='bbox 1014 2748 1045 2812; x_wconf 91' lang='lat' dir='ltr'><strong>in</strong></span> <span class='ocrx_word' id='word_1_183' title='bbox 1058 2750 1135 2813; x_wconf 84' lang='lat' dir='ltr'><strong>exi·</strong></span> 
     </span>
     <span class='ocr_line' id='line_1_29' title="bbox 287 2832 1132 2921; baseline -0.001 -23"><span class='ocrx_word' id='word_1_184' title='bbox 287 2835 373 2900; x_wconf 81' lang='lat' dir='ltr'><strong>tium</strong></span> <span class='ocrx_word' id='word_1_185' title='bbox 389 2836 509 2900; x_wconf 83' lang='lat' dir='ltr'><strong>volet..</strong></span> <span class='ocrx_word' id='word_1_186' title='bbox 522 2837 630 2917; x_wconf 77' lang='lat' dir='ltr'><strong>Quane</strong></span> <span class='ocrx_word' id='word_1_187' title='bbox 649 2857 711 2921; x_wconf 80' lang='lat' dir='ltr'><strong>ego</strong></span> <span class='ocrx_word' id='word_1_188' title='bbox 729 2855 823 2898; x_wconf 87' lang='lat' dir='ltr'><strong>unam</strong></span> <span class='ocrx_word' id='word_1_189' title='bbox 850 2832 1132 2914; x_wconf 78' lang='lat' dir='ltr'><strong>consolationem,</strong></span> 
     </span>
     <span class='ocr_line' id='line_1_30' title="bbox 288 2922 1135 3009; baseline -0.002 -23"><span class='ocrx_word' id='word_1_190' title='bbox 288 2942 347 2987; x_wconf 87' lang='lat' dir='ltr'><strong>trec</strong></span> <span class='ocrx_word' id='word_1_191' title='bbox 363 2922 461 2987; x_wconf 77' lang='lat' dir='ltr'><strong>alitirn</strong></span> <span class='ocrx_word' id='word_1_192' title='bbox 476 2939 626 3008; x_wconf 80' lang='lat' dir='ltr'><strong>preterea</strong></span> <span class='ocrx_word' id='word_1_193' title='bbox 641 2925 765 2995; x_wconf 82' lang='lat' dir='ltr'><strong>ullam,</strong></span> <span class='ocrx_word' id='word_1_194' title='bbox 788 2922 908 2989; x_wconf 77' lang='lat' dir='ltr'><strong>bintot</strong></span> <span class='ocrx_word' id='word_1_195' title='bbox 928 2923 1024 2986; x_wconf 84' lang='lat' dir='ltr'><strong>malit</strong></span> <span class='ocrx_word' id='word_1_196' title='bbox 1038 2945 1135 3009; x_wconf 81' lang='lat' dir='ltr'><strong>repe-</strong></span> 
     </span>
     <span class='ocr_line' id='line_1_31' title="bbox 287 3009 1142 3099; baseline 0.005 -27"><span class='ocrx_word' id='word_1_197' title='bbox 287 3010 363 3075; x_wconf 80' lang='lat' dir='ltr'><strong>rio.</strong></span> <span class='ocrx_word' id='word_1_198' title='bbox 388 3011 448 3075; x_wconf 82' lang='lat' dir='ltr'><strong>Sed</strong></span> <span class='ocrx_word' id='word_1_199' title='bbox 465 3011 573 3075; x_wconf 82' lang='lat' dir='ltr'><strong>debit</strong></span> <span class='ocrx_word' id='word_1_200' title='bbox 597 3009 697 3075; x_wconf 72' lang='lat' dir='ltr'><strong>satit.</strong></span> <span class='ocrx_word' id='word_1_201' title='bbox 722 3011 823 3099; x_wconf 81' lang='lat' dir='ltr'><strong>Quod</strong></span> <span class='ocrx_word' id='word_1_202' title='bbox 853 3009 969 3075; x_wconf 81' lang='lat' dir='ltr'><strong>sctibir</strong></span> <span class='ocrx_word' id='word_1_203' title='bbox 991 3010 1142 3092; x_wconf 77' lang='lat' dir='ltr'><strong>jucunda·</strong></span> 
     </span>
     <span class='ocr_line' id='line_1_32' title="bbox 289 3095 1131 3183; baseline 0.005 -23"><span class='ocrx_word' id='word_1_204' title='bbox 289 3095 384 3162; x_wconf 76' lang='lat' dir='ltr'><strong>ionic</strong></span> <span class='ocrx_word' id='word_1_205' title='bbox 410 3099 591 3176; x_wconf 80' lang='lat' dir='ltr'><strong>multorom</strong></span> <span class='ocrx_word' id='word_1_206' title='bbox 616 3097 873 3173; x_wconf 78' lang='lat' dir='ltr'><strong>consuetudine,</strong></span> <span class='ocrx_word' id='word_1_207' title='bbox 896 3098 928 3161; x_wconf 90' lang='lat' dir='ltr'><strong>in</strong></span> <span class='ocrx_word' id='word_1_208' title='bbox 951 3097 1131 3183; x_wconf 82' lang='lat' dir='ltr'><strong>primisque</strong></span> 
     </span>
     <span class='ocr_line' id='line_1_33' title="bbox 290 3183 1132 3271; baseline 0.005 -23"><span class='ocrx_word' id='word_1_209' title='bbox 290 3202 404 3248; x_wconf 76' lang='lat' dir='ltr'><strong>totum</strong></span> <span class='ocrx_word' id='word_1_210' title='bbox 430 3186 488 3269; x_wconf 85' lang='lat' dir='ltr'><strong>qui</strong></span> <span class='ocrx_word' id='word_1_211' title='bbox 514 3183 692 3271; x_wconf 82' lang='lat' dir='ltr'><strong>legationit&#39;</strong></span> <span class='ocrx_word' id='word_1_212' title='bbox 715 3202 846 3250; x_wconf 83' lang='lat' dir='ltr'><strong>monete</strong></span> <span class='ocrx_word' id='word_1_213' title='bbox 869 3187 956 3270; x_wconf 80' lang='lat' dir='ltr'><strong>apud</strong></span> <span class='ocrx_word' id='word_1_214' title='bbox 975 3206 1034 3248; x_wconf 80' lang='lat' dir='ltr'><strong>vor</strong></span> <span class='ocrx_word' id='word_1_215' title='bbox 1056 3187 1132 3252; x_wconf 86' lang='lat' dir='ltr'><strong>fun·</strong></span> 
     </span>
     <span class='ocr_line' id='line_1_34' title="bbox 285 3270 1133 3360; baseline 0.005 -26"><span class='ocrx_word' id='word_1_216' title='bbox 285 3270 1133 3360; x_wconf 70' lang='lat' dir='ltr'><strong>&#39;gunterampliffimorutnsapientissimorumquelto·</strong></span> 
     </span>
     <span class='ocr_line' id='line_1_35' title="bbox 288 3353 1133 3446; baseline 0.001 -21"><span class='ocrx_word' id='word_1_217' title='bbox 288 3361 415 3425; x_wconf 85' lang='lat' dir='ltr'><strong>minum</strong></span> <span class='ocrx_word' id='word_1_218' title='bbox 438 3353 594 3428; x_wconf 84' lang='lat' dir='ltr'><strong>comitate</strong></span> <span class='ocrx_word' id='word_1_219' title='bbox 617 3381 689 3444; x_wconf 79' lang='lat' dir='ltr'><strong>erga</strong></span> <span class='ocrx_word' id='word_1_220' title='bbox 715 3379 747 3425; x_wconf 87' lang='lat' dir='ltr'><strong>te</strong></span> <span class='ocrx_word' id='word_1_221' title='bbox 769 3360 960 3446; x_wconf 81' lang='lat' dir='ltr'><strong>summaque</strong></span> <span class='ocrx_word' id='word_1_222' title='bbox 983 3358 1133 3426; x_wconf 86' lang='lat' dir='ltr'><strong>liberali·</strong></span> 
     </span>
     <span class='ocr_line' id='line_1_36' title="bbox 289 3446 1147 3525; baseline 0.002 -13"><span class='ocrx_word' id='word_1_223' title='bbox 289 3462 360 3513; x_wconf 80' lang='lat' dir='ltr'><strong>tate</strong></span> <span class='ocrx_word' id='word_1_224' title='bbox 383 3448 483 3516; x_wconf 83' lang='lat' dir='ltr'><strong>levari</strong></span> <span class='ocrx_word' id='word_1_225' title='bbox 505 3448 670 3514; x_wconf 80' lang='lat' dir='ltr'><strong>molestiae</strong></span> <span class='ocrx_word' id='word_1_226' title='bbox 691 3463 785 3525; x_wconf 82' lang='lat' dir='ltr'><strong>tone,</strong></span> <span class='ocrx_word' id='word_1_227' title='bbox 810 3446 905 3514; x_wconf 84' lang='lat' dir='ltr'><strong>facile</strong></span> <span class='ocrx_word' id='word_1_228' title='bbox 928 3446 1074 3513; x_wconf 84' lang='lat' dir='ltr'><strong>adducor</strong></span> <span class='ocrx_word' id='word_1_229' title='bbox 1099 3451 1147 3514; x_wconf 79' lang='lat' dir='ltr'><strong>io·</strong></span> 
     </span>
    </p>
   </div>
   <div class='ocr_carea' id='block_1_2' title="bbox 284 3535 1131 3688">
    <p class='ocr_par' dir='ltr' id='par_1_2' title="bbox 284 3535 1131 3688">
     <span class='ocr_line' id='line_1_37' title="bbox 284 3535 1131 3685; baseline 0.002 -83"><span class='ocrx_word' id='word_1_230' title='bbox 284 3536 595 3627; x_wconf 67' lang='lat' dir='ltr'><strong>enascentium,</strong></span> <span class='ocrx_word' id='word_1_231' title='bbox 618 3551 657 3603; x_wconf 91' lang='lat' dir='ltr'><strong>ut</strong></span> <span class='ocrx_word' id='word_1_232' title='bbox 671 3536 733 3604; x_wconf 89' lang='lat' dir='ltr'><strong>tibi</strong></span> <span class='ocrx_word' id='word_1_233' title='bbox 757 3538 816 3604; x_wconf 76' lang='lat' dir='ltr'><strong>ista</strong></span> <span class='ocrx_word' id='word_1_234' title='bbox 833 3535 1052 3685; x_wconf 39' lang='lat' dir='ltr'><strong>peregrinat?</strong></span> <span class='ocrx_word' id='word_1_235' title='bbox 1066 3555 1131 3684; x_wconf 67' lang='lat' dir='ltr'><strong>pon</strong></span> 
     </span>
     <span class='ocr_line' id='line_1_38' title="bbox 442 3642 1123 3688; baseline -0.001 -1"><span class='ocrx_word' id='word_1_236' title='bbox 442 3664 447 3674; x_wconf 88' lang='lat'>·</span> <span class='ocrx_word' id='word_1_237' title='bbox 660 3661 665 3667; x_wconf 96' lang='lat'><em>-</em></span> <span class='ocrx_word' id='word_1_238' title='bbox 968 3676 970 3681; x_wconf 95' lang='lat'>.</span> <span class='ocrx_word' id='word_1_239' title='bbox 1046 3642 1123 3688; x_wconf 81' lang='lat' dir='ltr'><strong>en·</strong></span> 
     </span>
    </p>
   </div>
   <div class='ocr_carea' id='block_1_3' title="bbox 0 0 1272 4342">
    <p class='ocr_par' dir='ltr' id='par_1_3' title="bbox 0 0 1272 4342">
     <span class='ocr_line' id='line_1_39' title="bbox 0 0 1272 4342; baseline 0 2"><span class='ocrx_word' id='word_1_240' title='bbox 0 0 1272 4342; x_wconf 95' lang='lat' dir='ltr'><strong> </strong></span> 
     </span>
    </p>
   </div>
  </div>
 </body>
</html>
