2534 4342
262 465 267 471 ἡ
349 380 566 453 EPISTOLAE
587 381 874 452 FAMILIARES.
978 390 1044 470 309'

208 468 284 559 git,
304 472 367 537 hoc
381 470 550 539 literarum
565 496 700 562 genere,
720 477 852 559 quando
872 472 1050 558 majoribus

209 557 405 626 oliciiruon
419 563 544 648 polium
555 605 568 638 ,
591 563 720 638 colere,
747 564 807 627 illa
831 581 882 628 res
901 563 965 625 luit
984 566 1051 626 im·

208 647 427 736 pedimeuto,
446 654 536 732 quod
552 650 620 716 sum
634 652 786 729 veritum
808 672 849 716 oe
873 651 896 712 sr
924 650 985 714 tibi
998 661 1052 714 tot

208 736 377 822 tantisque
389 739 532 821 negotiis
546 738 710 825 impedito
733 739 844 803 inante
857 737 971 802 literas
989 736 1054 800 mi·
1107 784 1109 789 .

209 824 338 900 sillem,
362 843 425 888 non
440 823 518 891 satis
532 826 594 891 tibi
617 829 770 901 viderer,
800 829 829 893 u
856 826 1053 911 gravissima·

210 931 284 977 rum
294 913 546 996 occupationum
560 929 711 989 tuarum,
727 920 754 982 Se
767 912 909 1002 publice·
922 913 1053 977 utilita-

212 999 257 1064 tis
271 1002 431 1066 rationem
447 999 676 1071 ‹lucere0Nam
687 1016 722 1067 tu
733 1024 805 1066 cum
821 1021 875 1066 eae
885 1003 970 1091 apud
983 1021 1054 1066 nra·

210 1089 340 1157 nimum
354 1087 450 1150 istum
460 1090 579 1174 Regem
595 1092 735 1177 Reipub·
752 1106 858 1177 parter
869 1109 1047 1177 gerae,quo
1143 1120 1145 1125 s

211 1175 340 1242 summa
353 1191 409 1239 tua
422 1175 542 1241 virtute
555 1220 568 1253 ,
591 1177 786 1261 summoque
798 1178 952 1262 ingenio,
977 1196 1053 1243 tua·

210 1275 298 1348 que,
325 1269 355 1331 u
379 1265 685 1345 maiorumtuorum
706 1263 880 1331 nobilitate
909 1268 1052 1334 maxime

210 1353 287 1421 suot
298 1351 402 1437 dignae
416 1394 427 1425 ,
440 1348 585 1437 proferto
597 1374 681 1419 curo
692 1351 972 1439 cogitationesque
988 1370 1052 1420 tuo

175 1442 180 1451 ’
211 1440 347 1506 minime
361 1437 434 1504 sunt
447 1439 711 1527 interpellando,
734 1440 793 1505 nisr
808 1460 881 1504 cum
899 1440 930 1507 se
941 1443 1053 1527 aliqua

173 1526 186 1549 ⁸
211 1530 342 1617 gravior
356 1527 479 1590 onealio
490 1528 652 1596 obtulerit
663 1571 674 1602 ‚
696 1531 783 1593 utarl
795 1547 926 1612 operam
938 1545 1055 1615 patro·

210 1617 400 1699 ciuiumque
420 1629 513 1680 tuum
530 1636 588 1702 pro
611 1619 854 1683 necessariorum
871 1620 1053 1686 nostrorum

211 1703 396 1772 commodis
424 1704 463 1766 srt
488 1705 738 1790 confugiendum
762 1743 771 1766 .
812 1706 894 1795 Quo
916 1707 1053 1790 quidem

211 1813 323 1868 nuuc,
346 1811 417 1857 cum
446 1792 527 1856 mihi
561 1791 592 1857 in
618 1793 734 1878 primia
759 1808 943 1881 opportuna
976 1797 1055 1864 ellet

211 1879 324 1948 oblata
337 1879 460 1945 occasio
485 1877 644 1946 scribendi
656 1884 697 1947 ad
707 1895 765 1958 te,
787 1898 824 1944 ut
852 1883 913 1948 tibi
937 1889 1057 1954 horum
1111 1950 1113 1954 .

211 1970 408 2134 ssstfflsettug
422 1972 1056 2144 iotsssr:osssisisi'lsiraiolizsstrsrsnmgsnffi

212 2166 292 2236 pore
314 2141 606 2217 commendarem,
644 2144 782 2212 libenter
805 2165 874 2210 eam
902 2150 1027 2235 arripui
1038 2173 1052 2230 ς

213 2233 403 2300 existimant
415 2231 449 2293 id
461 2230 549 2314 quod
561 2253 593 2295 re
607 2229 673 2308 est,
695 2255 745 2298 me
756 2254 858 2316 neque
868 2235 1051 2302 honestiore

213 2321 340 2386 ratione
352 2339 427 2382 mee
444 2317 574 2382 summe
589 2338 664 2404 erga
685 2320 940 2409 teobservantla
957 2342 1053 2387 amo·

213 2407 325 2490 eisque
343 2405 552 2471 constantiam
571 2409 634 2472 tibi
649 2409 834 2483 declarare,
849 2429 905 2477 uec
918 2413 1053 2491 julliore

217 2498 258 2557 de
272 2493 365 2557 causa
377 2509 466 2557 tuam
485 2497 723 2564 humanitatem
740 2542 751 2573 ,
766 2500 1028 2567 benevolentiam
1044 2546 1056 2583 ‚

214 2596 314 2668 atque
326 2580 478 2648 amicitie
490 2584 586 2656 fidem
600 2585 776 2678 implorare
788 2590 874 2678 polle
891 2631 901 2654 .
925 2593 972 2656 Ea
998 2611 1059 2656 au·

982 2695 1056 2745 iem

220 2899 302 2956 quum
313 2883 422 2939 Cerolur
435 2896 537 2939 creatur
546 2883 576 2939 snt
589 2882 736 2940 cardinalia
748 2884 799 2938 Vl.
813 2881 876 2935 Kal.
891 2880 996 2949 lugolli
1007 2887 1056 2934 arn-¹

217 2978 255 3014 no
268 2976 353 3025 1547.
379 2960 423 3031 qni
437 2962 488 3015 luit
502 2962 616 3016 Strloleti
630 2963 692 3016 rit·
702 2959 841 3028 postremae
849 2992 861 3026 ,
885 2959 946 3010 ltine
959 2959 999 3010 rel
1012 2973 1057 3009 er·

217 3037 371 3105 rorirreplit
385 3039 509 3093 inmense
528 3038 638 3093 &anuo
655 3035 841 3102 adscribendo,
862 3037 903 3090 rel
916 3034 1056 3103 inscriptio

216 3117 308 3168 carole
319 3116 454 3173 cardinali
462 3119 551 3187 pollen
563 3117 673 3183 addite,
692 3118 734 3169 rel
748 3116 852 3167 demum
862 3115 949 3167 caroli
957 3126 1055 3165 numen

217 3191 277 3243 loeo
284 3195 412 3260 joanem,
421 3207 597 3261 cognomento
609 3193 771 3263 prepositum
784 3206 916 3260 perperam
933 3190 983 3242 luit
995 3205 1010 3241 e
1022 3189 1060 3242 ll.·

216 3267 307 3320 brexio
316 3298 328 3333 ,
345 3269 413 3340 quod
425 3270 540 3337 profesio
549 3271 584 3324 ell
598 3272 684 3325 reriur
697 3303 707 3322 .
734 3272 776 3324 lte
785 3271 855 3320 enlm
864 3267 954 3320 scribit
973 3266 1058 3318 Sado-

216 3347 308 3409 letue‚
328 3358 358 3399 ut
379 3345 576 3413 Carpentoreili
591 3363 645 3400 nou
658 3352 749 3400 Roma
760 3346 808 3399 else
821 3347 964 3409 rideatur,
983 3341 1007 3392 a
1022 3343 1055 3397 aa

217 3419 354 3474 hominem
367 3421 456 3482 scribit
468 3425 618 3478 cardinalia
631 3421 685 3486 iana
697 3424 827 3492 dignitate
838 3423 979 3487 illustrem,
988 3437 1059 3490 que·

216 3499 389 3552 nedmodont
402 3499 428 3553 it
440 3503 551 3568 exprell'e
565 3502 664 3555 indicet
677 3518 808 3570 pag-311.
829 3511 859 3553 ut
880 3498 956 3551 nullo
978 3498 1059 3550 modo

215 3577 389 3707 gdsqerolnm
411 3579 615 3657 Lgthtringiant
636 3576 960 3654 quaerendumne,
979 3571 1056 3647 golllt

233 3670 249 3713 lt
258 3669 364 3725 green·
1124 3676 1128 3682 ·
