2534 4342
352 412 433 491 ‘364
529 407 734 480 JACOBl
771 401 1056 476 SADOLETI

365 505 432 584 (ut
444 496 536 564 facile
553 497 730 584 intellexi)
752 500 897 560 maxima
909 494 995 580 apud
1009 514 1125 560 ornnes
1150 511 1194 561 tx*

364 584 509 670 prelatio
520 588 584 659 iarn
608 600 703 648 antea
718 584 881 650 concitata
895 602 965 649 erat
977 629 987 658 ,
1001 605 1005 612 ·
1017 583 1107 667 quod
1129 583 1194 644 dnn

367 688 406 735 tu
421 671 574 735 Bononirt
589 673 690 746 ellet,
713 671 821 738 neseio
842 672 921 754 quid
935 674 975 737 de
987 691 1022 734 ea
1047 693 1080 733 re
1102 673 1133 737 ἃ
1147 669 1193 732 do

367 760 475 826 etis&
492 761 541 822 tui
563 763 783 824 amantiliinrie
812 760 919 822 luiiles
933 758 1103 846 pollicitus
1119 800 1131 830 ‚
1158 755 1193 820 rii

366 847 437 914 lnnr
453 847 498 910 est
524 849 619 910 nobie
632 849 714 910 nihil
737 847 956 934 opportunius
981 847 1128 910 accidere
1145 866 1194 932 pn

368 928 490 1000 tuille'.
517 936 616 1017 Quod
628 937 711 998 enim
728 937 818 1020 prius
832 979 843 1009 ,
872 957 945 998 cnm
958 933 1039 997 nihil
1052 935 1194 997 habereu

365 1023 457 1106 quod
470 1018 643 1106 scriptione
654 1042 845 1106 magnopere
857 1023 991 1106 dignum
1007 1022 1106 1094 effer,
1123 1021 1194 1084 r‘aee¹

245 1154 249 1160 -
362 1131 401 1176 re
412 1109 589 1194 cogitaram
605 1125 667 1182 ,ut
679 1114 719 1173 ad
733 1109 1043 1184 rescriberem,nune
1055 1108 1117 1170 tali
1131 1126 1194 1194 pru

361 1198 473 1284 posrto
483 1210 674 1280 argumento
686 1197 780 1280 longe
791 1197 920 1260 facilius
934 1196 1015 1261 mihi
1028 1194 1144 1257 videor
1154 1192 1194 1258 el'·

361 1285 398 1352 l'e
413 1285 648 1352 freturnreetfi
670 1287 774 1350 adhuc
797 1285 934 1369 quidem,
944 1281 1062 1349 accidit
1079 1283 1187 1347 intont

363 1371 544 1436 mndllsrnre
561 1415 571 1444 ,
587 1383 677 1437 tanta
689 1373 773 1439 enirn
786 1371 851 1434 luit
862 1371 1087 1457 flagitantium
1102 1366 1194 1432 mole¹

361 1461 448 1532 itia,
475 1474 512 1522 ut
540 1461 598 1522 vix
614 1457 713 1525 lenrel
736 1458 842 1525 libelli
857 1458 984 1542 legendi
1007 1463 1036 1524 dr
1063 1453 1194 1542 idiplun

363 1549 505 1619 curlim,
522 1545 661 1611 incultae
677 1548 771 1611 nobie
790 1548 866 1610 data
885 1549 1006 1612 inerit.
1033 1545 1101 1628 Qui
1121 1542 1194 1607 enin

362 1634 479 1701 literae
495 1647 569 1697 tues
580 1635 730 1701 reddidit
745 1679 757 1711 ,
772 1633 952 1718 neleioqna
965 1629 1194 1698 rationeiutel-

362 1721 515 1795 denerat,
538 1719 658 1784 librum
679 1723 714 1788 in
740 1725 876 1787 eundem
896 1720 1088 1788 fasciculum
1117 1718 1194 1782 fuiti

362 1812 556 1886 teuledum,
569 1810 709 1892 cunique
722 1809 755 1873 id
767 1813 823 1896 (a)
838 1831 878 1873 ex
896 1832 934 1873 en
947 1809 1115 1893 cognitum
1128 1805 1194 1872 fuis

363 1893 437 1973 fet,
465 1914 528 1959 non
541 1895 686 1979 potuita
707 1919 782 1972 me,
805 1897 921 1962 amicir
938 1896 1180 1982 postulantibut

363 1982 497 2048 diutius
516 1983 667 2066 denegari
681 1987 759 2074 (b).
785 1986 837 2050 Ex
855 2006 893 2048 eo
910 2000 1018 2048 tamen
1034 1985 1124 2067 quod
1164 1981 1191 2044 ri

361 2073 431 2136 urit
456 2085 493 2134 ut
518 2069 608 2156 ajunt
635 2072 735 2138 labris
759 2073 885 2157 guilare
909 2072 1028 2145 licuit,
1057 2012 1194 2134 intelle«

363 2163 422 2248 (c)
434 2159 575 2239 maxime
586 2158 759 2226 obscurum
778 2161 909 2233 locum,
934 2165 963 2227 dt
979 2160 1100 2222 anullo
1112 2174 1194 2223 ante:

361 2249 447 2315 satie
464 2246 638 2331 diligenter
663 2253 864 2322 erudierunt,
887 2252 916 2314 dr
937 2245 1049 2311 nescio
1072 2265 1112 2309 an
1132 2265 1194 2309 nnt-

364 2336 458 2400 niunr
475 2380 486 2412 ,
501 2333 558 2418 qui
571 2355 655 2398 nune
669 2340 825 2424 precipue
841 2336 873 2398 in
885 2335 1137 2399 controvetfiam
1152 2355 1194 2397 ve

365 2443 465 2495 nere,
481 2425 577 2505 longe
592 2422 840 2496 difficillimum,
853 2440 871 2483 a
886 2436 920 2484 tt
931 2427 960 2488 dr
972 2422 1194 2485 traditrirnnr-

363 2509 509 2574 mode&
532 2511 774 2590 luculentillinre
794 2509 976 2596 explicari.
1003 2511 1077 2596 Qua
1108 2508 1149 2571 de
1178 2529 1192 2570 r

363 2611 502 2669 tamen,
531 2617 595 2661 non
625 2594 731 2665 solum
758 2600 840 2685 quid
867 2618 928 2679 ego
951 2595 1111 2670 sentiam,
1136 2616 1194 2660 cun

365 2707 409 2753 tx
435 2686 614 2749 amicorum
642 2688 795 2755 manibus
817 2684 936 2752 librum
951 2704 1188 2772 recuperavero

368 2770 428 2838 sed
450 2776 479 2840 dr
504 2773 587 2856 quid
604 2773 662 2854 ipsu
685 2770 928 2854 iudicaverint,
954 2769 1080 2838 lunrrna
1100 2772 1194 2837 edet

366 2859 544 2944 diligentia
568 2876 600 2926 te
615 2858 731 2929 faciam
753 2862 950 2928 certiorem.
975 2861 1068 2926 Nunc
1083 2881 1121 2927 ea
1136 2876 1190 2924 tau

369 2961 443 3010 tutu
468 2947 509 3012 de
530 2945 625 3012 caula
649 2953 690 3015 ad
712 2966 750 3014 te
775 2950 884 3033 scripse
901 2990 911 3022 ,
931 2967 970 3010 ne
994 2948 1149 3021 fortasse,
1169 2968 1192 3008 u

371 3053 456 3100 nunc
470 3033 543 3099 suut
560 3050 732 3120 tempora,
753 3033 962 3120 suspicareris
972 3077 984 3108 ,
1008 3032 1120 3099 literas
1137 3051 1192 3099 tua

371 3124 416 3184 ad
430 3139 490 3186 noe
506 3143 569 3186 uon
583 3125 780 3207 perrenilie.
805 3120 906 3214 Quod
927 3119 968 3182 ud
986 3123 1133 3203 publicae
1160 3143 1193 3183 re

373 3206 521 3288 attinet,
546 3205 629 3276 scito
644 3213 792 3283 omnium
815 3210 1016 3298 animoqd)
1045 3210 1085 3276 de
1103 3229 1194 3274 rerun

1118 3319 1194 3364 even

378 3438 439 3464 lh
446 3439 1194 3477 ww*

418 3521 468 3592 (t)
483 3527 575 3593 prieur
585 3522 732 3594 preditam
742 3535 813 3590 gnon
833 3518 885 3590 (l)
903 3494 1194 3591 presertirre'uisipfisu

383 3596 516 3664 quibusad
528 3618 566 3653 ere
573 3601 711 3669 scripseras
721 3632 731 3652 .
741 3601 782 3650 Ex
802 3599 851 3666 (e)
863 3601 978 3652 maxima
990 3586 1150 3668 obscuritatis
1170 3594 1194 3647 ln

378 3684 439 3739 ,Μ
455 3674 506 3750 (⁶¹)
525 3691 556 3732 eu
566 3690 648 3749 uret!
657 3671 1007 3759 wentelriesespeej'ereffe
