2534 4342
201 380 206 387 ’
306 379 370 455 396
466 365 673 442 Jacont
696 369 988 439 annonari

302 462 360 547 qni
383 457 525 523 Concisii
539 498 550 529 ,
573 459 664 540 quod
688 454 746 520 diu
773 475 849 524 ante
874 460 1060 537 indictum,
1084 485 1147 550 po·

305 553 436 632 sterque
462 545 699 622 intermissum,
723 567 805 611 nunc
820 567 896 632 pace
916 550 1001 614 inter
1014 552 1145 617 Princi-

304 660 364 725 pes
390 636 494 707 faeta,
519 633 758 716 concordiaque
774 634 975 710 constituta,
995 640 1150 703 omniunt

304 723 510 794 consenfione
532 721 676 806 expeti,
700 722 912 806 inprimisque
937 727 1148 792 necessarium

303 811 491 879 Christiane
514 809 696 894 reipublice
709 811 1021 900 eiseridebatur(a)
1038 856 1047 877 .
1067 813 1149 908 Qen'

304 922 367 986 ego
389 898 531 986 publicis
553 896 697 963 consriiie
722 899 928 972 interessem,
952 921 1149 986 agerentque

303 995 334 1056 ἃ
359 988 509 1053 sentirem
527 1006 586 1070 pro
600 1004 671 1047 mea
684 1001 774 1069 parte
789 1003 848 1060 ee,
872 1007 941 1069 qua
964 984 1148 1072 judicarent

304 1080 366 1145 esse
378 1073 574 1162 Respublica
586 1071 704 1145 utisia,
721 1073 843 1137 idcirco
857 1077 918 1139 huc
929 1081 1068 1152 accitur,
1083 1080 1149 1145 iter

178 1234 185 1247 ,
304 1186 415 1230 meum
428 1169 456 1230 ἃ
467 1162 643 1224 adventum
655 1203 665 1235 ,
679 1175 715 1223 ut
728 1177 802 1226 ante
814 1160 884 1224 dixi
895 1205 906 1235 ,
918 1183 975 1227 nec
986 1169 1073 1240 Deo,
1087 1187 1149 1234 nee

303 1251 506 1337 Reipublicae
529 1267 645 1334 negare
670 1250 784 1334 potui.
807 1249 1017 1344 Quamquam
1043 1266 1080 1316 ut
1095 1255 1151 1319 in·

304 1341 424 1426 telsigo
439 1337 569 1401 difficile
593 1338 633 1400 srt
653 1335 829 1423 perspicere
851 1339 931 1419 qnid
956 1339 1031 1404 boni
1057 1341 1148 1406 alle.

299 1441 412 1492 turum
425 1425 523 1492 nobis
537 1427 575 1487 srt
590 1429 652 1489 boc
663 1424 850 1489 Concilium
864 1452 876 1486 ·.
899 1427 950 1486 lta
964 1426 1049 1491 enim
1068 1428 1147 1494 sunt

303 1517 415 1582 omnia
429 1513 575 1587 insrdiie,
598 1512 686 1583 odiis
699 1555 713 1586 ‚
736 1511 1033 1597 suspicionibusque
1046 1518 1153 1582 teser-i

304 1618 362 1675 ta,
388 1620 424 1666 ut
441 1601 520 1685 quid
536 1599 656 1684 sperati
678 1601 768 1683 poffir
789 1621 854 1663 non
876 1618 1052 1684 appareat.
1080 1604 1147 1667 Sed

301 1692 396 1756 hasce
410 1711 484 1764 ees,
508 1691 647 1772 opinor,
668 1688 860 1770 gubernabit
872 1691 989 1752 Deue·
1014 1692 1066 1754 Ad
1082 1691 1147 1756 lit·

304 1796 393 1843 cerae
416 1778 537 1847 redeo,
560 1795 641 1858 quar
658 1794 719 1858 ego
745 1788 821 1836 tuae
847 1778 1016 1840 &Darali
1042 1780 1146 1845 nostri

303 1868 415 1932 Ducis
440 1863 679 1948 prestantiffimi
711 1881 795 1937 una,
818 1862 938 1926 mirum
958 1864 989 1926 in
1005 1869 1146 1931 modum

305 1953 390 2018 mihi
411 1951 566 2028 jucundat
582 1955 610 2016 ἃ
626 1963 789 2034 pergratae
803 1953 911 2036 accepi
928 1993 937 2012 .
956 1953 1147 2038 Recognnvi

303 2043 389 2105 enim
406 2043 437 2104 in
453 2041 501 2111 eis
521 2058 664 2102 amorem
691 2037 829 2102 vestrum
854 2057 1011 2112 omnem,
1035 2043 1148 2127 fingu-

302 2132 469 2212 iaremque
501 2145 570 2192 eam
599 2124 865 2199 humanitatem,
898 2131 1148 2208 qua-excellere

299 2218 426 2302 semper
448 2215 598 2281 voluistis
621 2256 631 2286 ,
657 2227 813 2297 tuamque
838 2214 963 2285 eriam,
989 2219 1034 2278 mi
1064 2225 1151 2300 Spe.

301 2307 416 2378 ciant,
431 2303 592 2370 scribendi
601 2305 632 2366 in
648 2300 717 2361 illie
730 2301 832 2365 satine
844 2301 1050 2384 elegantiam,
1068 2326 1148 2390 gra·

301 2395 506 2472 vitatumque
522 2388 691 2477 perspexi.
716 2387 754 2449 In
770 2408 837 2472 quo
853 2388 937 2450 iilud
961 2411 1010 2453 me
1023 2393 1148 2456 incre·

301 2479 450 2542 dibilitet
465 2475 664 2546 delectavit,
688 2478 777 2557 quod
794 2479 871 2538 dnm
887 2492 922 2540 tu
940 2477 1145 2542 lucubratio·

300 2587 372 2631 nem
389 2584 490 2628 meam
502 2562 727 2651 (b)·saudibur
740 2563 907 2637 efferebar,
919 2564 1043 2629 summa
1058 2567 1144 2632 ineo

302 2655 399 2717 sande
414 2655 533 2735 dignus
551 2650 616 2738 ipse
629 2649 814 2734 judicabnre
826 2695 840 2714 .
862 2655 923 2718 sed
942 2655 1033 2734 quod
1058 2652 1144 2719 scti-

169 2810 172 2817 ,
199 2769 207 2785 ·
302 2743 353 2806 bie
369 2744 541 2825 probatam
557 2741 619 2805 esse
634 2736 871 2803 oratiunculam
899 2759 1002 2802 meam
1031 2741 1146 2804 nurni-

304 2830 364 2893 bue
382 2829 423 2893 iis
439 2830 520 2894 ritis
532 2826 665 2898 doctis,
689 2828 745 2907 qui
761 2827 854 2890 issam
873 2827 1038 2910 segerunt,
1062 2848 1146 2912 gau.

304 2917 366 2979 den
381 2919 557 3002 equidemf
581 2912 634 2978 sed
646 2912 731 2975 iliud
751 2915 830 2978 mibi
848 2915 953 2995 pluris
970 2918 1026 2988 est,
1040 2936 1140 2997 quan

300 3009 435 3080 emnia,
461 3008 545 3069 ssea'
561 3017 620 3066 tuo
646 3001 773 3081 iudicio
792 3004 931 3088 probata
956 3003 1027 3066 est·
1050 3004 1142 3109 ane

1015 3153 1019 3162 ,
1054 3112 1146 3157 enine

288 3316 290 3325 ¹
338 3327 388 3399 (a)
403 3320 443 3386 kt
462 3323 522 3386 sene
537 3325 622 3387 merse
636 3317 871 3387 berenbrieiruinr
892 3326 1140 3403 entitur-Eec-

299 3406 439 3466 metricum.
448 3406 572 3465 Trirsenti'
582 3407 733 3462 Concilium
757 3406 790 3458 esi
802 3407 956 3458 'ratbertum
970 3442 977 3458 .
1002 3404 1067 3453 Vide
1078 3405 1139 3459 reta

299 3489 442 3544 suricinum
462 3489 488 3540 iu
500 3488 564 3541 nin.
578 3480 745 3545 eirenem.
756 3480 795 3534 lib
809 3502 834 3547 3.
846 3493 896 3546 rep
906 3494 962 3533 rvr.
978 3478 1001 3529 ἃ
1017 3482 1068 3548 seq.
1128 3510 1132 3529 .-

336 3566 391 3636 (Β)
408 3567 563 3623 Orationem
574 3563 672 3614 seilicet
691 3561 725 3609 eb
735 3562 861 3610 carosum
873 3562 904 3610 V.
917 3559 1042 3610 Cesarea
1054 3587 1067 3620 9
1084 3574 1136 3629 ῃι

295 3644 381 3716 cipro
392 3640 614 3710 pmsshffiun
628 3635 734 3690 unici
745 3635 857 3688 comesa
870 3636 968 3704 ‘retice
982 3633 1057 3705 egit·
