2534 4342
307 418 376 486 gra
467 394 674 474 Jacossl
712 392 1013 464 sanomt

305 488 415 556 sentire
425 487 678 554 diuturnitatem
693 487 868 569 quicquam
881 483 936 547 illi
950 481 1152 551 detrimenti

307 594 365 642 aut
376 575 609 642 diminutionis
623 572 770 639 accidisse
783 616 795 648 ,
822 592 938 656 meque
949 578 989 637 ed
1003 573 1065 639 else
1081 575 1156 639 ani·

309 688 364 731 mo
375 686 442 752 quo
458 664 582 750 semper
597 661 655 736 lui,
671 676 708 725 ut
724 663 829 727 vestro
845 660 986 734 honori,
1002 681 1156 728 commo·

308 755 352 818 do
365 799 376 832 ,
398 753 578 838 dignitati,
602 749 864 834 ornamentisque
889 752 1072 824 omnibus,
1100 749 1153 816 in·
1184 760 1186 765 '

306 841 458 906 credibili
473 839 575 905 animi
588 838 695 902 studio
720 840 777 902 sun
796 835 970 901 audinus.
998 838 1151 906 Sieeuim

306 933 335 995 dr
348 927 474 994 summa
488 930 593 994 virtus
618 925 720 1005 qelira
736 924 957 1010 nobilitasque
982 940 1151 1004 meretur,

306 1019 424 1083 &mea
440 1018 623 1082 constantio
642 1014 727 1077 ratio
741 1015 885 1099 postulat
901 1056 912 1087 ,
941 1016 970 1079 dr
999 1029 1150 1102 tempora

290 1102 375 1191 ¹ipsa
391 1106 549 1191 precipue
563 1103 746 1186 requirunt,
758 1104 919 1189 inquibus
934 1103 1069 1165 turbato
1083 1106 1149 1168 sta·

305 1206 343 1257 tu
364 1193 454 1257 orbis
470 1209 629 1256 terrarum
652 1191 774 1255 dlvinir
788 1187 1001 1274 humanisque
1018 1190 1150 1276 legibus

192 1287 195 1293 '
284 1282 437 1368 'peuirur
459 1280 658 1364 contemptis
673 1293 769 1363 atque
783 1278 933 1360 sennis,
962 1276 1065 1343 vestra
1083 1282 1148 1347 im·

305 1366 423 1453 piimio
438 1369 563 1456 pietas,
585 1366 782 1456 &sapientia
799 1414 810 1445 ‚
835 1384 994 1451 tanquam
1007 1366 1039 1430 in
1055 1380 1163 1443 rene·,

214 1509 219 1516 .
304 1459 374 1523 bris
399 1456 652 1522 lumenelucet.
678 1456 795 1539 Itaque
815 1477 898 1549 ego,
924 1455 980 1539 qui
996 1455 1040 1517 ob
1068 1475 1148 1543 pro·

264 1555 266 1559 ‘
304 1547 425 1632 pinqua
443 1545 584 1630 pericula
599 1566 669 1629 qua
682 1544 801 1608 instant
818 1545 943 1610 nomini
957 1543 1144 1612 Christiano

304 1646 403 1717 atque
418 1632 616 1708 imminent,
643 1632 714 1695 dier
738 1633 910 1717 audiesque
926 1629 1041 1696 amdut
1065 1629 1147 1699 solii

219 1724 222 1729 ’
304 1722 390 1786 citor
405 1763 416 1794 ,
438 1741 493 1784 nec
508 1719 610 1784 ullam
623 1736 748 1807 partem
762 1723 855 1806 capio
871 1719 1022 1804 quietia3
1044 1725 1145 1789 velae-

303 1805 492 1873 mentiffirnb
508 1807 660 1891 equidem
677 1810 820 1892 optarim
846 1811 960 1875 habere
974 1815 1146 1878 stocame·

302 1917 375 1959 rum
389 1895 561 1973 nostrum,
581 1911 640 1960 aut
654 1895 757 1960 alium
772 1897 959 1984 quempiam
980 1911 1144 1975 tuorum,

302 1983 439 2067 quirum
457 2003 577 2067 eaque
595 2005 644 2049 me
659 2003 782 2072 angunt
798 1983 1036 2064 aesernium,
1051 2007 1145 2054 eom·

303 2070 469 2139 municare
483 2087 559 2138 tuto
570 2073 715 2161 possem.
737 2074 979 2140 Profedioenim
995 2075 1018 2136 fi
1045 2078 1145 2142 c'rete·

303 2161 349 2229 tir
361 2159 517 2238 auxiliis,
544 2162 724 2250 opibusque
740 2160 893 2238 deficior;
908 2183 990 2250 quar
1007 2162 1146 2232 fihabe·

303 2269 371 2315 rem
405 2249 605 2316 libentissime
633 2253 694 2316 ribi
717 2250 896 2328 deferrem,
922 2273 985 2318 non
1008 2255 1146 2319 omnino

305 2337 1145 2430 monita,cousrliaquemeatibi'aut‘ingrataessent

305 2423 491 2503 interdum,
514 2429 730 2493 autinutilia·
761 2430 821 2494 Sed
842 2444 950 2496 tamen
964 2429 1011 2494 ita
1025 2432 1143 2496 Stoca·

302 2531 426 2578 merum
452 2519 566 2582 habere
594 2517 693 2582 velim
708 2519 767 2593 „fi
792 2517 825 2581 id
842 2540 973 2604 quoque
1000 2516 1142 2602 reliquie

300 2601 369 2664 tuis
393 2604 575 2669 rationibus
604 2608 796 2671 conducat.
824 2609 956 2674 Etenim
983 2604 1068 2671 scito
1090 2628 1140 2675 me

300 2690 441 2772 graviter
451 2692 547 2778 augi,
573 2697 661 2777 quod
674 2696 770 2761 video
782 2715 842 2759 nor
856 2716 971 2762 omues
983 2693 1015 2760 in
1025 2711 1141 2761 extre·

300 2797 391 2848 mum
404 2781 473 2873 jum
488 2802 581 2847 ruere
595 2781 766 2848 discrimen
780 2784 947 2877 ..Qando
965 2783 1023 2848 itta
1039 2784 1140 2850 auxi-l

252 2882 260 2892 ’
299 2861 344 2926 lia
366 2869 602 2955 apparatusque
626 2870 807 2936 Germaniae
821 2873 878 2955 qui
893 2875 1039 2939 seruntur
1051 2914 1064 2947 ,
1087 2894 1138 2940 me

164 2959 171 2968 ’
204 2959 206 2963 ’
299 2953 433 3035 quidem
468 2978 530 3023 non
552 2957 759 3023 consolentur
785 3002 807 3036 ,4
836 2959 890 3026 sed
912 2975 1136 3048 perterreant·

298 3042 520 3122 Quamobrem
533 3049 563 3113 dr
576 3046 695 3130 quibua
709 3048 748 3112 de
765 3050 946 3122 caufis‚non
959 3049 1002 3112 est
1013 3048 1138 3134 episto·

297 3126 335 3192 le
350 3135 636 3198 committendum.
651 3136 712 3198 Sed
730 3137 1138 3219 haeliastenumlirquan·

219 3241 226 3256 .
297 3217 341 3280 do
364 3240 435 3283 cum
452 3225 564 3288 Roma
586 3226 614 3289 ἃ
641 3219 727 3310 apud
749 3229 917 3288 Summum
933 3225 1136 3293 Pontificem
1166 3236 1171 3246 ’

299 3304 433 3381 sum,ita
448 3309 517 3374 heic
534 3311 865 3398 tibioperam,fidem,
877 3310 1022 3377 studium
1037 3313 1137 3379 bene·
1181 3396 1183 3401 Ι

293 3395 541 3482 volentiumque
554 3419 657 3463 meam
669 3402 779 3466 desero
791 3416 890 3485 atque
903 3401 1084 3489 polliceor,
1097 3413 1135 3464 ut

287 3481 351 3546 tibi
365 3485 495 3550 hocelse
511 3487 771 3573 persuasissimum
788 3492 908 3565 velim,
924 3489 1085 3559 neminem
1101 3503 1135 3555 te

195 3633 201 3640 .
286 3576 1130 3668 unquamreprrturumesse‚auramanrioremtui2

725 3698 727 3703 ’
1078 3677 1139 3731 aut
