2534 4342
264 340 333 419 Μ
434 339 640 415 lacon!
681 343 971 410 sanonum

263 432 343 516 pub,
373 425 500 493 serunt.
523 429 720 516 Quanquam
748 431 783 498 io
807 437 865 495 hac
892 431 1107 518 occupatione

265 513 369 580 animi
390 529 487 599 atque
510 519 657 583 molestia
683 517 771 582 nitor
797 539 872 582 enm
898 531 1006 584 tenere
1034 541 1108 584 rur·

264 601 362 674 sum,
386 621 498 666 utnon
514 604 545 666 in
567 604 770 680 sermonibus
795 604 900 670 solum
920 604 1107 671 communi·

269 693 329 766 bus
346 689 401 772 qui
417 690 565 774 quotidie
590 692 764 764 iucirluut,
788 689 953 756 sedetiam
979 691 1107 757 senten·

265 777 326 841 tiis
337 779 368 841 in
380 780 495 840 Senatu
511 776 657 842 dicendis
669 799 760 842 meur
773 779 805 844 in
821 780 982 861 Rempub.
999 777 1107 844 seusun

267 884 441 948 meumque
455 864 614 945 judicium
642 880 821 951 appareat.
847 867 920 929 Non
934 867 1021 928 enim
1048 867 1109 930 de.

267 952 347 1036 gino
361 951 487 1014 hortari
508 954 701 1028 damonem,
724 953 806 1018 resti
821 952 889 1036 jam
914 952 967 1034 agi
989 955 1108 1019 uecelse
1176 1027 1180 1035 ,

269 1039 331 1102 effe
354 1039 489 1112 omnia,
513 1036 536 1099 li
563 1035 685 1102 sairam
708 1040 923 1106 Christianam
942 1041 1105 1126 Rempub·

268 1126 374 1190 sistere
388 1125 554 1197 velimus,
576 1127 761 1191 &veterem
782 1127 878 1190 illam
902 1121 1106 1192 sanctitatem

269 1212 454 1276 Christiane
471 1208 638 1296 religionis
652 1212 684 1277 in
704 1232 812 1279 morea
832 1211 980 1286 &studia
996 1214 1108 1276 homi.

269 1319 347 1362 sum
363 1299 505 1364 revocari
529 1313 703 1382 oportere,
724 1300 757 1364 io
782 1319 844 1384 qua
856 1298 1019 1384 imprimis
1033 1298 1108 1365 sen.

265 1385 522 1452 tential’ontilcx
536 1383 602 1471 ipse
613 1388 781 1454 Maximus
795 1387 850 1451 ert.
861 1387 978 1469 ltaque
990 1388 1106 1452 datum

266 1475 308 1539 ab
328 1493 367 1538 eo
387 1475 430 1538 est
445 1479 473 1541 u
487 1473 603 1556 legatis
621 1476 678 1556 qui
703 1476 894 1562 profuderat,
917 1478 946 1540 dt
964 1474 1109 1546 concilio

264 1577 398 1648 patrum
412 1562 469 1645 qui
493 1579 737 1638 convenerunt,
760 1563 952 1647 negotium,
977 1575 1015 1622 ut
1027 1583 1106 1626 con·

265 1648 375 1713 sulant
391 1649 494 1731 ipsa&
515 1649 735 1724 confiderent,
761 1670 830 1733 que
846 1647 1019 1711 videantur
1043 1649 1104 1713 else

264 1735 478 1816 corrigenda,
501 1734 593 1814 quud
607 1746 727 1798 eorum«
748 1734 886 1799 monitis
904 1749 1005 1817 atque
1026 1755 1107 1798 eon·

267 1821 348 1884 liliis
362 1822 459 1905 ipsrus
475 1820 645 1901 diligentia
658 1827 687 1889 ἃ
701 1822 886 1885 authoritas
897 1822 1030 1885 min-ime
1042 1821 1103 1883 de·

266 1909 376 1972 sutura
400 1909 443 1971 est
471 1948 480 1970 .
512 1909 734 1990 Quamobrem
765 1909 862 1975 seu-io
896 1919 1044 1992 magnam
1072 1911 1126 1988 iu

265 1992 377 2082 spem,
400 1996 478 2061 bene
491 1999 597 2060 astum
614 1995 653 2059 iri
664 2018 738 2060 cum
760 1994 943 2060 ration-ibus
962 1995 1106 2079 publicis

262 2086 286 2147 fi
298 2090 326 2152 dr
339 2083 442 2150 Cesar
456 2099 533 2146 tuus
551 2103 614 2148 una
631 2105 708 2148 cuna
727 2083 880 2152 Pontifice
893 2080 928 2145 in
939 2084 1000 2148 boc
1014 2083 1109 2146 incu-

265 2172 375 2236 buerit
388 2172 545 2247 studium,
556 2189 593 2238 ut
604 2171 637 2234 in
651 2173 827 2255 reparanda
837 2168 994 2252 religione
1007 2171 1107 2234 Chri.

266 2260 368 2323 stiana
390 2265 419 2327 dt
442 2261 567 2342 Repub.
591 2259 780 2322 communis
799 2276 930 2341 quoque
958 2257 1051 2342 pacis
1074 2260 1105 2324 Sa

267 2348 415 2410 omnium
438 2345 611 2430 dignitatis
627 2345 715 2409 ratio
734 2347 916 2417 habeatur,
938 2346 1030 2428 quod
1050 2341 1107 2406 so.

267 2433 370 2496 blatis
388 2432 475 2494 odiis
493 2428 711 2512 diffidiisque,
735 2431 1021 2514 illaqueequitate
1033 2431 1106 2492 ani·

265 2519 316 2585 mi
332 2517 618 2602 moderationeque
640 2517 807 2603 suscepta,
829 2540 899 2602 qua
913 2518 1106 2584 Christianis
1157 2524 1159 2526 ’

263 2607 433 2694 princibus
460 2607 600 2672 maxime
618 2607 790 2690 dignaest,
807 2606 877 2689 ipso
894 2606 1027 2689 jurante
1040 2602 1108 2666 im-

163 2759 167 2767 ,
269 2696 389 2781 primis
408 2699 436 2761 Sc
458 2713 553 2778 opem
577 2693 696 2758 serente
711 2695 786 2755 Deo
799 2735 811 2765 ,
834 2695 941 2756 sreum
965 2712 1030 2754 nos
1051 2687 1107 2774 pie

268 2781 438 2870 deprecati
456 2780 685 2847 sucrimurnon
709 2778 883 2843 difficiliter
901 2779 1024 2864 poterit
1043 2783 1106 2841 ob·

268 2868 369 2935 tineri
383 2912 392 2933 .
419 2871 541 2933 Verum·
553 2871 615 2933 huc
627 2867 821 2939 adeiusclem
842 2867 906 2954 Dei
921 2880 1106 2952 prepoten-

267 2955 314 3020 tis
338 2959 508 3021 arbitrium
528 2950 1106 3038 summ'umqueconci-liumrejicies.

270 3047 313 3108 da
333 3040 432 3107 sunt.
455 3037 556 3134 Qud
577 3058 686 3106 autem
708 3041 751 3103 ad
771 3037 938 3124 priuatum·
960 3040 1107 3103 nostrum
1147 3045 1152 3050 '

270 3130 411 3193 officium
427 3135 590 3221 pertinet,
614 3150 674 3216 ego
690 3143 721 3192 te
743 3129 790 3191 mi
803 3127 949 3199 Didacc,
973 3142 1037 3190 uolt
1052 3121 1109 3188 so·

271 3213 342 3282 lum
366 3217 504 3302 diligo,
524 3214 691 3301 quodiam
706 3217 830 3300 pridem
857 3217 957 3281 facere
976 3208 1107 3273 institui

267 3301 437 3385 sedetiam
462 3302 497 3370 in·
516 3299 625 3368 oculis·
646 3305 742 3374 lero,
764 3305 855 3385 quod
881 3298 962 3366 meis
978 3298 1107 3385 optatis

262 3393 302 3455 de
327 3409 359 3456 te
385 3404 440 3457 tua
464 3391 574 3456 virtus
598 3405 695 3475 atque
722 3390 874 3453 industria
899 3386 1032 3453 mirifirb
1056 3408 1110 3450 re·

264 3477 422 3564 spondit.
450 3479 595 3564 Petoque·
620 3494 715 3554 ate,
738 3491 775 3543 ut
797 3476 953 3564 quoniam
971 3473 1109 3563 propio·
