2534 4342
305 380 379 451 '008
482 373 700 452 Jncoul·
730 372 1029 445 sanonn‘t'l

309 463 379 531 tein
397 480 488 532 tuam
512 464 745 538 observantia,
770 483 807 528 ut
836 467 916 529 nihil
944 470 1005 532 tibi
1028 464 1163 554 prospe·

287 624 292 633 ,
309 575 383 618 rum
401 558 646 620 &fortunatum
663 555 814 625 accidat,
835 559 927 640 cujus
940 577 1002 619 non
1026 559 1082 618 stm
1102 579 1163 640 ego

314 645 503 730 particeps:
529 643 581 707 led
598 641 726 726 agimur
740 645 839 706 etiam
855 649 982 708 obeam
1009 667 1077 708 rem
1095 656 1165 708 ma‘·

264 738 266 743 ’
310 736 420 810 iores,
435 730 608 816 quodcum
624 743 718 792 tanto
735 732 767 793 in
787 747 818 793 te
835 731 1011 807 beneficio,
1035 733 1164 816 publici

315 837 449 902 quoqne
467 819 543 884 boni
573 817 760 882 beneficium
778 817 973 901 conjunxit.
999 823 1068 885 Nec
1085 840 1164 893 vern

278 937 282 946 ·
307 907 446 971 dubium
463 906 558 971 nobit
584 905 655 978 est,
680 905 758 986 quin
777 904 959 969 sanctitatis
985 923 1046 970 tuae
1074 908 1163 971 laetl-

315 995 386 1070 tia,
412 1017 480 1080 que
497 997 528 1058 in
544 992 636 1057 illius
650 994 763 1056 auimo
777 1013 816 1056 ex
839 995 900 1057 hoc
923 1000 1096 1081 expectato
1108 1010 1163 1060 at·

312 1101 380 1166 que
399 1098 557 1168 exoptato
570 1096 663 1164 partu
677 1085 747 1156 jure
759 1078 941 1164 meritoque
958 1102 1073 1149 exorta
1092 1085 1163 1160 est,

311 1174 371 1235 hac
393 1195 425 1237 re
439 1175 533 1255 longe
549 1170 588 1232 stt
612 1170 832 1243 cumulatior3
856 1170 973 1251 quod,
997 1191 1065 1253 quo
1090 1170 1163 1256 ipse

311 1259 444 1342 ingenio
473 1263 501 1324 or
529 1275 592 1338 qua
618 1255 790 1340 prudentia
812 1258 947 1340 predita
979 1260 1049 1334 est,
1069 1261 1162 1327 videt

314 1348 453 1432 plane&
474 1344 631 1433 prospicit
647 1340 665 1415 ,’
681 1344 773 1409 suurn
801 1347 861 1406 hoc
889 1345 1053 1431 privatum
1079 1367 1162 1432 gau.

309 1435 404 1501 dium
435 1455 508 1498 cunr
535 1431 677 1520 publicis
697 1432 902 1496 utilitatibus
933 1435 993 1497 elle
1019 1443 1160 1513 conjun-

314 1525 428 1588 dlutn.
454 1524 586 1586 Etenim
614 1522 711 1584 babet
726 1522 852 1584 obfides
876 1525 941 1606 jam
963 1524 1161 1609 Respublica

308 1613 399 1675 dunc
415 1614 555 1673 duorum
570 1610 891 1694 prestantiffimorum
908 1611 1095 1699 Principum
1115 1613 1159 1677 li·-

313 1699 431 1772 beroa,
457 1700 513 1780 qui
530 1713 690 1776 utrunque
704 1697 913 1761 nobilitatem
929 1699 961 1760 in
984 1721 1083 1765 unum
1101 1724 1158 1786 ge·

299 1798 376 1849 'taut
396 1791 558 1867 jungunt,
576 1784 632 1866 qui
648 1781 806 1867 spondent
822 1786 1086 1871 pollicenturque
1096 1810 1157 1852 no·

310 1870 364 1934 bia
383 1871 1155 1954 omnibusimmotampacem,securumotium‚

310 1955 496 2023 animorum
509 1957 715 2023 concordiam
733 1961 843 2021 Rome
861 1966 889 2026 ἃ
907 1960 1048 2027 initalia
1067 1966 1154 2029 foret

218 2057 233 2072 ‘·
313 2050 434 2131 quibua
445 2047 578 2131 quidem
589 2046 777 2110 muneribus
789 2049 916 2110 nullum
929 2052 1051 2115 nobisa
1065 2056 1153 2128 Deo,

308 2135 342 2200 in
354 2144 413 2202 hoc
430 2134 604 2222 prasertim
621 2148 789 2220 tempore,
812 2138 955 2201 accidere
972 2141 1078 2224 potest
1093 2150 1155 2226 op'·

307 2223 440 2290 tatius.
463 2226 671 2316 Quapropter
687 2222 834 2306 gratulor
857 2225 1008 2308 equidem
1029 2227 1155 2292 sancti.

222 2376 225 2381 .
311 2314 376 2376 tati
390 2330 474 2387 tuae,
489 2314 579 2396 quod
593 2314 662 2390 ejus
675 2331 724 2372 tes
742 2353 750 2381 ,
769 2311 912 2376 rationes
928 2358 938 2388 ,
962 2318 1155 2394 commoda,

240 2448 243 2452 »
306 2400 384 2464 Deo
399 2399 580 2464 immortali
591 2417 671 2461 curae
684 2397 743 2461 elle
758 2397 933 2483 intelligo.
959 2402 1018 2465 Sed
1044 2403 1076 2468 in
1090 2410 1165 2476 hac.

307 2484 469 2550 felicitate
486 2486 593 2571 magia
609 2486 708 2550 etiam
721 2485 771 2549 illi
791 2490 961 2574 gratulor,
984 2492 1072 2575 qnod
1085 2515 1150 2559 non
1191 2548 1194 2554 ,

308 2574 353 2636 est
369 2575 466 2658 ipsrua
482 2576 723 2637 commoduma
740 2577 867 2658 publica
880 2579 1024 2642 utilitate
1040 2579 1150 2663 sejun-

312 2662 422 2726 etum.
446 2662 546 2742 Quod
567 2661 753 2727 libeneficia
776 2664 839 2725 Dei
856 2667 1056 2730 immortalis
1073 2685 1148 2753 erga

307 2762 341 2811 te
362 2766 453 2821 tanta
465 2751 531 2835 jam
547 2747 619 2813 sunt
636 2794 646 2824 ,
672 2763 708 2812 ut
733 2751 882 2817 videatur
897 2774 986 2817 ment
1001 2757 1146 2820 hominis

301 2836 385 2900 nihil
411 2839 555 2925 amplius
580 2840 665 2924 polle
691 2839 867 2906 desiderare
881 2860 893 2916 3
926 2841 989 2906 erit
1013 2863 1147 2925 quoque

299 2941 363 2988 tun
381 2949 461 2991 curae
477 2932 504 2994 St
519 2924 755 3013 providentie,
776 2944 811 2988 ea
826 2950 895 3012 qun
913 2932 991 2992 bene
1004 2932 1144 3015 coepiili‚

300 3014 341 3077 de
357 3015 697 3088 tollendisltaerestbun
711 3057 720 3086 ,
736 3015 775 3077 de
788 3013 937 3080 sedandis
952 3017 1152 3090 discordiis,-

302 3101 448 3165 debonis
473 3103 619 3166 moribus
637 3144 646 3174 ,
671 3102 819 3183 castaque
837 3103 991 3188 religione
1006 3104 1036 3165 in
1056 3103 1146 3168 thri·

299 3189 440 3252 ilianum
456 3202 593 3262 nomen,
619 3189 814 3272 ordinesque
831 3191 1006 3279 presertim
1025 3185 1143 3257 Eccle-

298 3275 439 3339 srasticot
460 3279 638 3342 revocanda
653 3321 663 3351 ,
687 3277 733 3338 ita
746 3279 942 3361 gubernare,
968 3301 1088 3362 regere,
1101 3281 1143 3344 ad

301 3365 426 3429 exitum
454 3367 635 3441 deduceret
659 3379 697 3428 ut
727 3371 835 3446 quoad
861 3367 985 3429 homini
1003 3371 1049 3431 fas
1073 3368 1139 3442 est,

297 3472 355 3539 par
369 3468 419 3517 tot
435 3453 594 3520 divinis&
610 3451 825 3536 singularibus
840 3455 935 3519 donis
951 3455 1053 3534 abs-te
1068 3473 1143 3538 gra·

299 3541 348 3623 tia
358 3541 532 3609 relata'elle
544 3542 718 3610 videatur.
743 3545 836 3609 Deua
850 3542 882 3608 in
895 3542 1067 3688 stultiut}
1084 3557 1141 3602 tua

346 3641 348 3647 ’
1064 3644 1142 3691 uam

974 3766 980 3813 l
