2534 4342
299 494 365 572 ‘412
454 486 656 577 Jtcom
692 486 997 556 servom!

298 582 346 644 mi
362 589 452 664 grate
468 575 637 658 fidelisque
656 576 811 642 memoria
833 577 912 639 mihi
931 576 1148 662 suggerebat,

296 667 463 731 sittim-de
481 681 513 730 te
538 666 619 730 &de
637 681 696 728 tuo
718 664 807 726 omni
833 667 915 728 statu
931 678 1147 751 percontatus

297 751 393 819 sum.
417 753 496 818 Noli
513 751 598 816 euim
614 770 754 838 putare,·
775 751 819 814 mi
835 751 956 824 Ruile,
981 773 1045 814 uon
1064 755 1146 819 mihi

298 839 435 905 insidere
454 838 485 903 iu
504 839 613 901 auimo
625 855 813 926 perpetuam
836 839 1026 904 memoriam
1050 840 1146 907 illiue

297 925 515 992 liberalitatis
532 941 620 1001 tue,
644 947 716 990 cum
743 925 835 989 misso
856 927 897 989 ed
920 950 972 992 me
989 941 1079 990 trane
1096 930 1148 991 al-

298 1012 489 1166 {issisti
502 1017 715 1164 iiiiii-ii
728 1014 816 1172 {¹223
834 1012 1147 1187 {assiriis}

299 1208 353 1251 me
371 1187 502 1262 auimo,
526 1208 590 1270 qua
619 1185 844 1251 benevolentia
870 1187 1062 1259 ostendisti,
1087 1213 1145 1254 ue·

301 1294 364 1359 que
380 1278 606 1347 botuntum,
632 1296 744 1338 verum
760 1274 846 1337 iliud
862 1278 959 1341 etiam
976 1273 1147 1359 perspicue

302 1362 499 1436 declarasti,
523 1361 682 1446 singulare
703 1361 871 1444 quoddam
898 1363 958 1426 ribi
975 1363 1034 1424 esse
1051 1365 1147 1451 iuge-

300 1450 414 1522 nium,
438 1448 663 1533 summumque
678 1448 836 1527 judicium
860 1451 893 1514 iu
907 1448 1144 1535 perspiciendis

300 1536 472 1600 hominum
497 1537 725 1603 voiuntatibut
750 1537 996 1610 tetenderim,
1021 1551 1146 1626 tuaque

301 1624 504 1689 liberalitate
518 1626 558 1687 ad
574 1646 686 1690 eorum
700 1624 793 1689 usum
810 1622 1001 1710 tempusque
1013 1641 1146 1693 accom-

265 1713 268 1720 ’
302 1712 492 1775 modaudat
517 1733 590 1777 cum
608 1714 670 1785 id,
694 1713 773 1775 mihi
797 1713 922 1780 homiui
946 1712 1045 1773 etiam
1072 1732 1145 1782 rum

303 1798 367 1862 tibi
390 1798 504 1882 ignoto
529 1801 672 1864 muneris
695 1801 856 1862 destinasti
882 1845 891 1875 ,
922 1818 989 1883 quo
1015 1802 1145 1870 nussum

303 1905 360 1948 nec
375 1887 435 1955 tibi
461 1886 494 1948 iu
510 1888 617 1950 dando
639 1887 884 1952 convenientius
896 1931 907 1964 ,
932 1907 991 1950 nee
1014 1891 1094 1955 mihi
1111 1891 1145 1956 iu

304 1971 463 2058 capiendo
477 1975 640 2037 honestius
665 1975 725 2037 esse
749 1975 884 2056 potuit.
907 1975 989 2055 Qure
1009 1995 1059 2053 res
1080 1980 1164 2046 fuit,

304 2079 340 2124 tt
357 2059 491 2144 quidem
522 2077 641 2127 mutuae
668 2060 803 2125 initium
829 2062 1060 2127 benevolentiae
1082 2089 1145 2131 no.

303 2148 372 2212 stre
386 2190 396 2210 .
420 2148 479 2213 Sed
492 2167 552 2232 ego
568 2147 698 2234 longine
712 2170 770 2234 pro
784 2170 854 2212 mea
867 2167 981 2214 natura
993 2155 1145 2236 progres-

299 2233 358 2302 sus
374 2235 466 2316 sum.
499 2238 607 2302 Exeo
632 2238 718 2301 euim
747 2253 892 2322 tempure
916 2241 962 2303 ire
988 2253 1145 2308 reamare

303 2327 391 2409 coepi
405 2369 414 2399 ,
426 2338 463 2387 ut
474 2323 602 2388 nulium
617 2343 758 2409 unquam
772 2325 912 2388 studium
925 2342 998 2407 erga
1014 2343 1044 2389 te
1057 2328 1143 2392 ami·

305 2412 416 2485 eisiimi
446 2413 589 2476 hominis
613 2409 868 2476 intermiserim·
890 2416 1011 2494 Iraque'
1030 2417 1145 2481 Rome

303 2513 342 2562 ut
354 2499 494 2584 primum
509 2499 588 2562 mihi
604 2499 768 2562 consistere
783 2501 897 2563 darum
916 2502 983 2573 est,
1007 2515 1041 2564 tu
1060 2505 1142 2569 mihi

167 2607 171 2614 ·
302 2589 368 2650 fere
384 2584 549 2651 occurristi
565 2585 713 2674 primur,
738 2587 777 2651 de
797 2593 889 2664 cujus
907 2589 990 2650 statu
1008 2595 1036 2657 ἃ
1051 2589 1140 2654 inco.

303 2672 597 2738 lumitateamicos
614 2671 815 2737 sciscitarer.
840 2680 870 2736 A
887 2676 1091 2758 quibuscum
1108 2680 1144 2743 id

302 2761 397 2847 quod>
411 2761 550 2826 maxime
564 2764 719 2846 optabam
736 2761 814 2824 mihi
830 2763 907 2826 esset
931 2762 1140 2848 responsum,

302 2864 337 2916 te
353 2848 476 2915 scilicet
489 2849 594 2912 valere
610 2849 642 2910 iu
655 2869 785 2912 omnem
801 2867 951 2934 partem,
977 2852 1144 2939 pauloque

301 2955 375 3003 ante
390 2934 526 3001 eise-nde
543 2937 588 2998 rei
605 2934 846 3021 pulcherrime,
874 2942 936 3001 hoc
949 2940 995 3002 'est
1018 2943 1145 3026 publici

301 3024 560 3091 Christianorum
579 3040 758 3089 conventus
778 3024 942 3110 spectandi
955 3030 1048 3094 causa
1062 3030 1145 3094 Tri·

196 3123 199 3128 “
301 3113 436 3177 dentum
450 3109 619 3182 accesisse,
644 3109 775 3174 laudavi
790 3113 941 3194 equidem
953 3116 983 3178 Se
995 3118 1143 3182 animum

303 3204 333 3266 ἃ
356 3198 517 3282 ingenium
533 3213 650 3269 tuum,
674 3199 731 3281 qui
755 3218 917 3283 nunquam
937 3201 977 3262 ab
990 3200 1145 3287 ingenui·

164 3335 168 3341 .
298 3299 371 3372 tate
391 3289 486 3352 tue&
501 3282 600 3349 solite
617 3285 678 3349 ribi
695 3287 860 3372 probitate
875 3286 1044 3353 discedat.
1063 3293 1143 3397 Ete-

444 3405 447 3411 ·
582 3413 584 3417 ·
1072 3398 1142 3445 nrm

307 3491 400 3508 hun-

155 3568 157 3572 ’
248 3605 250 3610 -
290 3556 295 3638 Ι,
337 3575 386 3646 (t)
407 3578 520 3647 Appiani
539 3579 638 3633 ieiiicet
657 3583 828 3637 Alexandrini
848 3587 1013 3653 operer-ee
1031 3589 1140 3655 estgtn'·

279 3651 573 3804 ,ζῗιτοὲιιὲξτιῗω,ιῐ
581 3670 655 3728 peret
664 3676 697 3712 ex
706 3662 988 3733 epitccctxxix.
1001 3680 1078 3736 pepe
1087 3680 1137 3738 719
