2534 4342
319 368 383 449 384
481 361 683 438 JAGOB!
722 356 1026 460 snssoua'rl
1084 360 1086 365 ’

321 454 386 518 iter
411 451 531 519 idoneo
555 451 648 517 nullo
664 450 813 517 muniano
834 450 914 525 iim,
937 450 1058 519 sedne
1085 450 1175 542 spem

320 540 457 625 quidem
473 540 602 606 videam
619 552 678 603 aut
703 538 863 606 rationem
878 538 980 605 uliam
1007 539 1175 627 reliquam

321 626 504 695 instruendi
529 629 618 707 mei,
642 648 716 692 cum
742 624 984 694 nihilomnino
1010 625 1175 698 subcoeio

321 719 459 782 habeam
483 722 573 801 quod
588 738 694 783 meum
709 714 944 804 propriumque
965 716 1036 797 fit,
1060 724 1171 802 quod.

319 825 386 889 que
411 803 607 871 srsnmende
629 820 749 869 mutue
768 804 909 891 pecuniae
933 807 1020 876 irat,
1041 813 1063 892 (
1081 812 1172 894 qood

321 909 431 958 aameu
447 890 553 978 ipsum
569 894 601 957 in
624 894 684 957 har
707 894 771 978 jam
791 904 892 973 ¹reaare
912 893 958 956 est
980 892 1168 986 miserum)

321 979 540 1047 creditoribua
571 980 697 1068 pignori
731 984 760 1047 Sa
791 978 915 1044 fiduciae
943 979 1004 1046 effe
1037 988 1131 1069 poiiie
1159 1033 1171 1066 ,

320 1082 439 1156 proter
459 1088 556 1133 unam
576 1062 947 1132 tantummodovineam
960 1113 971 1147 ,
986 1087 1057 1153 que
1086 1076 1169 1145 mihi

306 1160 309 1165 ’
323 1158 358 1222 in
376 1156 461 1220 Urbe
476 1158 541 1231 est,
564 1175 634 1240 quae
660 1179 698 1221 ne
713 1153 782 1241 ipsa
795 1155 931 1238 quidem
955 1174 972 1219 a
987 1160 1170 1229 creditori·

319 1247 385 1311 bne
411 1243 456 1308 est
490 1246 591 1308 libera
622 1243 721 1307 diae
754 1261 840 1308 mear
864 1242 1076 1330 difficultates
1102 1251 1169 1339 ipse

322 1331 644 1398 SummuoPonrifeu
654 1352 719 1396 non
732 1330 883 1418 ignorat,
897 1333 954 1415 qui
968 1333 1047 1398 mihi
1059 1339 1163 1407 etiarn

321 1419 404 1507 iope
429 1413 597 1494 ostendit,
619 1416 653 1484 se
676 1422 758 1484 meis
782 1420 967 1487 commodis
991 1420 1165 1494 consultu.

320 1530 417 1582 eum,
442 1508 541 1594 idque
558 1507 673 1592 aliquo
696 1507 907 1573 ecclesiastico
931 1509 1066 1584 rodim,
1090 1534 1166 1585 uam

284 1662 287 1667 ,
323 1597 392 1667 alio
406 1619 517 1682 genere
544 1594 677 1671 subiidii
693 1616 757 1662 non
781 1595 951 1661 delenor.
974 1598 1075 1690 Qud
1090 1625 1166 1671 cum

322 1682 382 1748 iiie
399 1686 578 1749 adhuenon
591 1684 703 1751 fecerit
713 1726 724 1757 ,
748 1704 810 1748 nou
821 1684 992 1749 uoluntate
1006 1686 1142 1770 quidem
1156 1736 1168 1769 ,

319 1792 392 1854 quo
409 1773 537 1857 optima
550 1769 635 1836 certi
659 1770 752 1836 iliius
772 1789 846 1854 erga
864 1792 913 1838 mr
927 1771 1000 1852 βῆς
1024 1773 1080 1840 sed
1096 1778 1166 1845 difa.

321 1858 468 1924 ficulaate
491 1875 675 1944 temporum
699 1859 881 1944 impeditur
900 1879 913 1936 3
947 1868 1165 1945 equumerir

318 1947 401 2011 mihi
419 1944 565 2032 ignosci,
591 1947 612 2010 ii
629 1948 805 2011 necesitate
823 1961 982 2028 cogente,
1005 1952 1057 2015 cui
1073 1954 1164 2020 divi.

249 2034 260 2039 “
316 2037 482 2100 naeniam
498 2036 609 2102 coiere
623 2047 750 2101 veteres
767 2033 957 2119 Philosophi
982 2039 1166 2124 dixerunt,

317 2125 364 2187 ad·
383 2126 501 2189 Urbem
528 2145 579 2188 me
606 2123 749 2189 conferre
774 2141 836 2186 non
865 2137 1001 2208 potero.
1027 2130 1163 2199 Etenim

316 2214 474 2277 voluntas
498 2212 630 2295 quidem
656 2230 725 2274 nrea
750 2227 900 2296 prompta
924 2214 964 2274 ad
980 2216 1161 2300 parendum

315 2300 388 2370 eii,
414 2297 469 2364 sed
485 2297 623 2364 facultas
648 2299 778 2383 penitus
807 2298 887 2361 mihi
901 2318 1012 2387 erepta
1029 2343 1039 2364 .
1064 2304 1164 2391 Qua.

319 2389 467 2452 mobe‹·m
492 2404 570 2472 peto
585 2406 603 2449 a
618 2402 650 2450 te
664 2390 856 2472 precorque,
869 2387 1008 2458 Jornner
1021 2392 1163 2477 amplis.

314 2475 413 2546 aime,
429 2492 464 2537 ur
482 2495 542 2558 pro
555 2491 609 2536 rua
622 2472 825 2537 authoritate
840 2516 849 2548 ,
864 2494 933 2558 quo
950 2476 1069 2542 merito
1088 2502 1162 2546 ma.

312 2561 404 2626 rima
428 2564 513 2649 apud
529 2582 643 2627 omnes
668 2561 733 2633 est,
759 2573 891 2636 tueare,
915 2565 969 2627 ubi
992 2581 1075 2650 opus
1097 2570 1160 2639 effe

312 2649 437 2716 videris
449 2694 462 2727 ,
485 2646 653 2718 &causam
678 2646 834 2714 &famam
850 2650 980 2714 clientis
1007 2653 1055 2716 rui
1074 2696 1083 2727 ,
1100 2677 1159 2724 ne.

311 2758 375 2825 que
396 2760 504 2805 meum
523 2738 641 2804 fastum
662 2736 694 2799 in
710 2736 808 2798 aliam
830 2751 978 2822 partem,
999 2758 1098 2824 quarn
1119 2760 1158 2811 ut

240 2880 246 2891 .
309 2847 392 2892 anre
406 2828 468 2894 ribi
484 2847 534 2891 rer
559 2827 602 2890 est
618 2826 763 2910 exposita
779 2867 789 2898 ,
813 2826 937 2910 accipi,
960 2827 1161 2912 interpreta-

309 2916 339 2979 ri
370 2916 563 2999 pariare‚sa
592 2929 701 2979 tameo
724 2910 794 2994 jure
813 2915 844 2978 ἃ
867 2913 951 2980 κάξ
978 2929 1010 2981 re
1041 2916 1075 2978 id
1105 2921 1157 2986 sa.

307 3021 376 3069 cere
388 3005 475 3090 poiie
490 3001 680 3069 existiman.
706 3001 923 3084 Namqueego
936 3002 992 3084 qui
1009 3024 1156 3075 mearum

306 3111 414 3159 rerum
442 3089 523 3156 satie
550 3089 630 3154 nrihi
659 3085 805 3151 conscius
831 3085 897 3150 sum
922 3112 1031 3171 „eum
1059 3136 1069 3168 ,
1093 3096 1154 3179 qui

305 3179 413 3265 anagia
431 3180 529 3243 e'tiam
544 3177 589 3240 est
611 3171 784 3249 conscius,
808 3176 918 3239 Deum
941 3180 1154 3266 omnipoten-

308 3277 375 3332 tem
397 3269 520 3339 >aenon
545 3267 573 3333 n
588 3263 730 3336 invoco,
743 3284 793 3326 me
810 3283 872 3327 non
888 3265 999 3330 videre
1013 3311 1023 3340 ‚
1035 3291 1154 3352 quem.

306 3355 484 3420 admodum
504 3355 610 3439 poiiim
631 3353 676 3415 ita
692 3349 727 3415 in
745 3351 831 3415 Urbe
847 3353 1056 3419 domiciiiunr
1071 3379 1153 3425 con.

305 3442 461 3517 nituere,
487 3460 523 3504 ur
539 3441 615 3503 iliae
627 3436 790 3525 impensae
806 3442 947 3504 urbanas
965 3441 1152 3523 sustineam,

304 3529 482 3619 presertim
509 3529 569 3616 qui
588 3547 646 3595 uec
660 3527 786 3614 petitor
806 3548 976 3615 unquam,
1001 3554 1059 3599 nee
1089 3535 1153 3597 fla·

1058 3619 1150 3705 giiaf
