2534 4342
369 385 436 450 434
519 361 734 436 Jacont
771 360 1091 431 sanotssrt

368 454 486 517 Sumur
501 453 586 516 enim
609 450 797 536 semperque
810 448 933 515 fuimus
948 456 992 514 ad
1009 456 1103 518 bene
1121 451 1194 522 ded

369 543 432 605 dise
453 538 627 623 probisque
654 539 841 602 hominibus
861 546 1091 616 merendum,
1121 545 1144 607 fi
1167 542 1194 605 ns

369 647 432 695 nur
448 627 567 711 opibus
584 633 613 693 ει
631 624 845 690 facultatibus
870 623 1017 691 instrunt
1029 669 1044 700 ,
1072 645 1113 693 at
1141 642 1194 693 cert

369 730 487 781 natura
505 713 678 795 studioque
702 714 846 799 propensu
872 731 907 775 at
922 714 1032 796 parati
1051 754 1063 776 .
1095 717 1146 780 Te
1161 734 1194 797 qn

369 804 466 875 dem,
491 804 634 885 quem&
657 801 795 885 optimis
818 799 946 864 artibus
962 802 1179 876 eruditum,

369 889 403 955 in
422 891 474 952 hia
489 893 528 953 de
555 887 715 972 reiigione
729 884 973 950 dissentionibus
1002 891 1146 975 optime
1165 887 1194 955 se

369 977 506 1041 rientem
525 973 649 1060 semper
663 973 881 1052 judicavimus
895 1016 906 1047 ‚
932 993 1053 1055 eoquo
1066 977 1194 1042 debenn

369 1064 479 1127 dudio
501 1067 529 1130 n
552 1082 664 1125 amore
691 1059 947 1148 prosequimur·
984 1064 1113 1146 ltaque
1141 1084 1194 1146 qur

370 1149 563 1217 sententiam
583 1148 730 1231 exquirir
743 1150 907 1223 nostram,
923 1165 1023 1231 quam
1040 1152 1140 1216 viam
1157 1171 1193 1214 eu

370 1239 404 1304 iu
421 1237 525 1321 patria
538 1250 594 1300 tna
620 1235 830 1307 constiteris,
862 1236 894 1300 in
923 1254 986 1316 qua
1004 1239 1180 1304 maximae

369 1325 543 1408 Resigio'ne
556 1323 779 1388 contentiones
793 1323 853 1385 effe
867 1321 991 1395 scribit,
1006 1323 1065 1386 insr
1075 1329 1163 1389 stere
1176 1328 1194 1387 d

370 1414 459 1484 bear,
475 1432 534 1476 noe
548 1411 581 1472 id
600 1409 661 1473 tibi
675 1411 799 1475 consilii
812 1411 1077 1492 dabimus,quod
1093 1416 1123 1477 ἃ
1140 1431 1192 1475 arn

372 1519 407 1561 te
433 1500 625 1580 nostroerga
644 1510 675 1561 te
701 1502 729 1565 n
755 1498 877 1562 virtute
896 1516 931 1560 ac
947 1500 1073 1580 pietate
1097 1512 1158 1562 tua
1181 1520 1194 1560 ι

373 1607 471 1672 gnum
485 1588 545 1659 sit,
565 1586 653 1667 quod
670 1601 807 1648 tamena
823 1585 1064 1669 tejampridem
1091 1603 1194 1672 captu

374 1675 435 1736 esse
451 1672 584 1737 minimi
595 1671 807 1735 dubitamus.
822 1677 905 1738 Nam
921 1694 993 1735 eum
1008 1675 1037 1738 dr
1053 1672 1192 1738 sacten

378 1758 497 1823 sittere
510 1762 655 1824 &rernm
669 1773 803 1821 eventus
826 1757 1060 1842 ipse-docuerit
1078 1802 1091 1833 ,
1114 1762 1194 1825 lices

371 1845 450 1925 fiam
477 1845 539 1908 Dei
565 1844 764 1909 turbulentis
786 1845 958 1908 hominum
987 1847 1194 1912 seditiosoru

373 1931 516 1995 confinis
533 1945 690 2017 perpetuo
719 1931 862 1996 infestam
890 1933 950 1997 eise
966 1938 995 2001 St
1012 1935 1194 2001 obnoxiam

375 2019 529 2083 nimirum
548 2021 583 2083 id
599 2017 809 2105 permittente
825 2019 922 2093 Deo,
944 2040 1012 2102 quo
1029 2021 1105 2085 heic
1120 2025 1194 2086 bon·

374 2127 447 2170 rum
465 2105 653 2190 exploretur
666 2107 748 2169 sides
763 2119 860 2188 atque
880 2107 1057 2170 constantia
1077 2129 1090 2184 3
1112 2109 1194 2192 prof

374 2193 572 2257 etodubium
591 2195 650 2258 eiie
664 2213 728 2256 uon
741 2195 871 2278 potest,
889 2195 966 2278 quin
984 2193 1073 2276 quod
1092 2192 1194 2259 sanni

374 2282 446 2343 simi
462 2280 523 2342 viri
540 2279 726 2357 huiusmodi
742 2281 874 2344 diffidiis
902 2285 930 2347 ἃ
952 2279 1191 2345 contentionib

374 2368 502 2431 exortia
526 2367 648 2452 semper
676 2368 844 2440 fecerunt,
873 2382 909 2429 ut
933 2368 1077 2432 Ecclesiae
1113 2384 1194 2452 part

293 2463 297 2470 '
374 2455 608 2538 sequerentur,
633 2454 728 2535 eique
752 2471 920 2538 tamquam
938 2457 1149 2518 firmamento
1170 2479 1191 2519 u

375 2540 487 2606 ritatie
509 2540 750 2618 inniterenturt
784 2544 816 2604 id
833 2545 895 2604 hoc
923 2558 1051 2625 quoque
1070 2554 1189 2628 tempo

350 2680 353 2688 .
378 2626 528 2713 optimus
548 2629 787 2711 &graviffimua
802 2627 940 2712 quisque
963 2632 1063 2693 faeere
1081 2627 1194 2692 denen

381 2721 410 2792 d(
433 2713 650 2780 sanisiffimam
674 2733 838 2799 parentem
854 2715 941 2779 omni
959 2716 1128 2801 pietate&
1154 2717 1194 2780 stt

380 2801 439 2866 dio
451 2801 700 2870 constantifftmi,
710 2804 792 2865 tueri
817 2817 916 2887 atque
932 2802 1103 2866 defendere
1119 2842 1129 2862 .
1150 2803 1194 2867 Et·

379 2888 448 2952 nim
465 2884 596 2952 summe
618 2889 739 2952 sitnon
760 2889 867 2952 dicam
892 2886 1142 2972 imprudentiae,
1172 2888 1194 2954 st

378 2975 530 3037 amentio
546 3020 555 3049 ,
572 2975 744 3040 catholica
763 2976 873 3038 resista
889 2993 924 3036 ac
939 2975 1066 3045 deserta
1079 2973 1194 3041 Ecesei

380 3060 514 3144 ejusque
526 3078 685 3147 perpetuo
702 3059 875 3134 consensu,
900 3065 929 3127 dt
951 3077 1003 3127 tot
1019 3059 1194 3128 sanctirum«

377 3169 452 3214 tum
463 3149 594 3233 patrum
607 3148 803 3212 austeritate
818 3163 1030 3236 contempta,
1051 3167 1165 3212 eorum
1177 3146 1194 3213 s=

382 3237 465 3298 diam
480 3235 568 3318 sequi
585 3236 665 3319 ,qui
681 3235 810 3319 impulsu
824 3235 938 3301 odio&
956 3239 1064 3300 furore
1079 3237 1189 3316 quoda

381 3321 493 3409 rapti,
516 3339 582 3387 tam
595 3337 715 3387 temere
726 3341 762 3386 ae
774 3323 891 3387 nefarie
903 3324 943 3385 ab
954 3322 1092 3386 Ecclesia
1107 3322 1194 3388 desei

383 3430 602 3494 eere‚eamque
616 3428 734 3480 vexare
748 3424 847 3489 atque
861 3428 1046 3495 oppugnare
1056 3409 1119 3470 aufi
1139 3407 1194 3471 sun

385 3497 483 3587 Quot
496 3512 532 3561 ut
545 3498 691 3582 corrupti
702 3499 915 3562 sacerdotum
927 3512 1035 3562 mores
1047 3494 1194 3644 graviign

380 3610 383 3614 ·
1124 3601 1145 3644 o
1175 3602 1194 3644 e,
