2534 4342
335 378 568 446 'EPISTOLAE
590 377 880 448 tenimento.
989 381 1057 463 '389‘

208 484 298 529 tuum
321 508 330 537 ‚
358 469 437 531 mihi
460 469 594 551 quidem
608 468 1006 557 certeopportuoitiimum
1026 475 1057 539 ἃ

208 554 414 618 oeceffarium
442 556 564 622 donum
597 553 763 620 recusate.
788 559 837 638 De
862 578 928 639 quo
952 553 1055 619 etiam

208 657 292 705 nuuc
309 663 389 726 rogo
418 646 446 709 ἃ
466 646 620 729 deprecor
645 644 859 708 sanititatem
878 659 968 709 tuam
987 641 1053 706 mi-

208 729 243 791 hi
269 744 306 790 ut
328 729 496 819 ignoscat.
523 737 595 798 Nou
623 730 709 796 euim
723 734 869 818 profedio
895 745 952 795 aut
976 744 1056 816 pera¹

208 818 362 882 versitate
392 816 541 900 ingenii,
579 832 638 883 aut
665 820 766 882 morie
790 832 952 882 natureve
977 838 1058 882 con·

207 907 349 970 tumacia
362 906 394 968 iu
405 906 438 967 id
449 906 642 970 rusticitatis
654 904 724 973 sum
740 904 871 994 lapsus3
895 906 950 971 sed
961 904 1054 988 quod

208 991 266 1053 diu
293 1011 366 1057 ante
389 992 589 1067 statueram,
613 1012 759 1059 meorum
784 993 1054 1059 sacerdotiorum

207 1081 366 1146 fructibus
387 1083 563 1149 dumtaxat
580 1080 686 1144 vivere
702 1125 711 1155 ,
735 1080 817 1147 nihii
839 1080 979 1166 pecunia
994 1101 1056 1147 ex-

210 1164 434 1235 traordinariae
459 1191 592 1256 capere,
616 1173 851 1252 quodcumque
870 1182 927 1234 aut
948 1169 1054 1231 unde-

208 1277 335 1337 cunque
355 1278 500 1340 uuquam
514 1257 593 1320 mihi
614 1258 816 1322 obvenitree.
842 1261 959 1342 Itaque
973 1273 1054 1340 con·

205 1345 361 1409 stantiam
385 1347 480 1410 illiue
506 1367 580 1408 mee
603 1342 768 1408 sententiae
787 1341 1052 1410 retinerevqui.

206 1433 308 1525 Qud
331 1436 391 1496 slve
410 1437 493 1498 reite
513 1432 563 1516 egi
577 1432 640 1495 sive
653 1451 842 1516 perperam,-
867 1447 952 1496 certe
967 1430 1053 1497 nihil

206 1539 351 1606 uuquam
371 1521 481 1608 postea
495 1517 571 1586 sum
586 1520 767 1596 aiieeutue,
792 1513 881 1601 'quod
898 1519 939 1582 ad
956 1516 1053 1582 susti-

204 1609 344 1675 nendam
368 1610 489 1672 molem
505 1610 605 1683 nujus
620 1607 705 1673 tanti
723 1607 881 1681 honoria,
898 1605 978 1673 mihi
993 1624 1053 1669 au·

205 1697 292 1763 xilio
308 1695 366 1760 eiie
381 1696 504 1781 posset.
529 1698 566 1760 Iu
584 1697 645 1758 huc
659 1716 738 1778 ergo
756 1697 840 1759 statu
855 1716 948 1771 meo,
972 1713 1053 1759 cou-

204 1783 280 1851 sulo
301 1780 403 1870 ipsam
439 1783 649 1848 sanititatem
671 1798 761 1851 tuam
785 1784 865 1865 qnid
888 1804 939 1846 me
960 1801 1053 1866 agere

205 1893 265 1961 pat
283 1873 342 1936 fit.
368 1871 399 1934 Si
407 1871 592 1936 habuiiiem
609 1891 626 1934 a
644 1870 807 1958 principio
826 1871 964 1947 subsidia
976 1870 1054 1937 huic

205 1961 333 2029 tuendo
346 1961 463 2023 honori
476 1959 643 2024 neceffaria
655 2002 665 2034 ,
677 1978 841 2043 nunquam
853 1982 914 2044 ego
927 1963 968 2023 ab
980 1962 1053 2034 ejue
1079 1958 1084 1969 '

208 2051 315 2117 latete
330 2046 546 2113 disceffiss'em.
571 2052 643 2114 Non
656 2047 823 2113 inficiabor
835 2048 1011 2131 equidem,
1027 2046 1053 2108 a

206 2160 317 2207 meum
335 2139 373 2201 sit
387 2135 546 2215 judicium
560 2134 697 2201 liberum
707 2157 781 2212 ,me
801 2139 883 2201 hanc
902 2132 1050 2198 otiosam

206 2233 237 2297 ἃ
252 2226 374 2290 litteris
390 2224 536 2305 deditam
552 2222 655 2290 vitam
667 2220 684 2298 ,'
696 2223 855 2288 omnibus
872 2221 1052 2287 honoribus

206 2317 237 2384 ἃ
256 2313 386 2379 divitiis
408 2327 481 2377 ante
499 2313 641 2376 laturum
658 2313 740 2388 επις
766 2309 822 2377 sed
840 2331 951 2382 amor,
975 2312 1053 2373 offi-

206 2403 295 2469 cium
309 2446 321 2477 ,
345 2397 478 2485 ipsaque
493 2399 660 2484 cupiditas
675 2401 848 2463 *referende
860 2398 968 2482 gratie
982 2398 1054 2462 afli·
1113 2425 1118 2433 ·

207 2506 290 2553 xum
308 2511 357 2553 me
374 2487 578 2574 tibisempet
597 2488 767 2553 tenuiiiet·
790 2489 883 2554 Nunc
898 2485 1055 2549 tenuibus

208 2578 376 2648 fortunis,
400 2577 588 2660 peiexiguie
614 2573 853 2647 facultatibus,
877 2594 908 2639 re
934 2573 1054 2636 idonea

207 2666 300 2733 uuila
315 2661 396 2729 satie
411 2663 583 2728 tnuruuue
592 2707 603 2741 ,
617 2661 900 2749 quomodoisthuc
912 2661 1053 2733 veniam,

207 2777 247 2821 ue
270 2753 414 2838 cogitate
440 2750 573 2834 quidem
602 2752 727 2838 poss'um
752 2791 775 2854 ‘.
786 2750 888 2835 Quod
915 2749 937 2811 st
966 2747 1055 2813 tanti

206 2838 957 3011 'eii3255:ttattnt‘ttzifflzittssttz
972 2857 1056 2990 tt:

206 3018 273 3082 lem
285 3018 352 3080 iore
361 3014 553 3089 arbitrarer,
566 3013 710 3080 venirem
721 3033 854 3098 quoquo
868 3015 969 3077 modo
982 3010 1058 3101 posu·

207 3105 302 3179 sum3
318 3123 373 3171 nec
385 3102 612 3190 indignitatem
624 3142 635 3174 ,
647 3101 670 3163 fi
683 3101 759 3165 effet
772 3101 959 3188 perferenda
973 3147 983 3178 ‚
997 3121 1055 3166 nee

208 3193 328 3257 famem
353 3191 470 3255 fietiet
488 3188 665 3277 patienda3
687 3209 744 3253 nec
766 3202 904 3252 mortem
928 3190 951 3250 st
976 3190 1055 3252 etiet

210 3276 384 3350 obeunda,
408 3299 467 3364 pro
489 3270 908 3361 sedisupostottcaeut'u'a
925 3275 1057 3340 Sandi-

210 3366 293 3430 tatis
317 3362 477 3448 dignitate
499 3367 705 3447 refugerem.
730 3364 792 3427 Sed
814 3384 887 3426 eum
907 3361 938 3426 in
958 3363 1054 3443 tanto

212 3470 300 3520 coetu
322 3451 654 3538 prudentissimonum,
677 3450 971 3516 &doetissimorum
995 3466 1055 3533 pa·

213 3559 301 3614 trum
315 3586 325 3619 ,
350 3560 532 3631 mea-opere
549 3538 663 3628 put-iou
687 3535 918 3692 sugeevacauea
943 3535 1056 3688 mim
