2534 4342
346 365 567 440 EPI'STOLAE
589 358 881 430 FAMILIARES.
977 355 1047 446 39'9‘

199 462 326 552 ,percipi
344 463 430 547 posse
458 457 620 532 arbitror,
642 451 882 538 quamprimum
907 451 1041 531 quidem

205 552 340 621 mereri„
365 546 479 611 deinde
495 546 625 611 ,etiamst
650 566 712 609 non
737 542 793 604 ita·
809 539 903 623 piane
921 558 1045 608 merea·

205 663 278 705 mur
295 656 426 713 ,tamen
441 633 573 720 adipisci
589 632 703 718 aliquo
716 627 814 700 casu,
842 630 983 695 utebare
1000 629 1039 688 fit

207 728 424 814 prudentibus
438 724 519 786 viris
535 736 632 806 atque
649 719 764 794 bonit,
790 711 852 778 non
874 716 972 780 modo
986 714 1038 779 sa·

207 817 258 878 ine
273 816 379 880 nostra
398 811 559 877 sedetiam
588 802 771 874 mimoria.
793 804 893 893 Qnod
907 805 1039 886 quando

160 974 164 979 ,
201 918 272 968 'non
296 915 361 965 taor
390 920 462 963 meo
482 899 614 982 quidem
636 899 709 960 uiso
725 897 845 960 merito
859 914 955 975 quam
981 911 1039 961 tua

208 990 369 1078 praestanti
384 989 585 1052 humanitate
602 984 899 1060 consecutussum,
922 1000 958 1049 ut
979 989 1041 1050 aba

208 1093 243 1142 te
265 1094 436 1165 tantopere
461 1076 579 1159 diligar
602 1076 754 1157 tantique
781 1077 879 1137 fram:
904 1075 959 1137 nisi
983 1090 1044 1159 par

211 1167 274 1229 tibi
289 1167 320 1229 in
331 1165 482 1228 omnibus
496 1164 612 1228 officiis
626 1163 855 1231 benevolentia
875 1165 1016 1228 extitero
1032 1199 1045 1231 ,

210 1256 376 1317 hominem
394 1250 459 1336 ipse
487 1271 536 1315 me
552 1273 615 1315 non
639 1256 789 1339 putabo·
819 1251 1043 1333 Quamobrem

208 1341 310 1408 veiim
334 1341 375 1402 src
391 1341 454 1402 tibi
475 1337 690 1421 persuadeas,
715 1339 894 1418 habeasque
916 1337 1047 1402 certisi-

210 1450 326 1499 mum,
349 1427 582 1492 nem-inemesie
597 1429 653 1511 qui
678 1428 726 1489 tui
740 1426 924 1497 amantior,
945 1444 1047 1508 quant

166 1566 171 1576 ,
209 1537 271 1600 ego
287 1515 354 1579 sum
368 1555 379 1584 ,
402 1514 725 1600 essepoflhacposfitt
750 1514 1050 1593 omniaque&stu-
1113 1592 1116 1596 .

209 1604 265 1667 dia
288 1608 316 1670 ἃ
335 1601 438 1665 officia
453 1602 627 1676 amicitie,
655 1603 819 1685 inquibus
835 1622 894 1684 ego
920 1598 1049 1664 ser-ran-

210 1692 264 1772 dis
279 1711 315 1754 ac
331 1688 509 1754 retinendis
522 1691 699 1755 admodum
713 1691 782 1754 sum
794 1689 956 1773 diligens,
982 1687 1047 1753 tibi

212 1779 261 1842 ita
275 1798 292 1839 a
306 1799 357 1841 me
369 1792 520 1862 prompta
534 1779 633 1846 esse&
649 1795 773 1866 parata,
786 1793 823 1841 ut
838 1778 1048 1861 gratissimum

211 1867 268 1928 sum
284 1865 454 1930 habiturus
466 1867 493 1927 sr
516 1867 595 1929 mibi
611 1869 806 1934 occasionem
829 1865 972 1948 aliquam
986 1869 1050 1930 ob·
1066 1868 1070 1875 '

211 1949 327 2017 euteria
341 1998 355 2028 ,
377 1975 432 2038 per
449 1971 545 2034 quam
557 1974 627 2018 mea
642 1977 713 2042 erga
727 1972 758 2019 te
768 1954 962 2019 voluntas&
975 1953 1049 2016 ani-

209 2062 289 2105 mne
308 2040 509 2103 anrieitsimus
554 2043 665 2131 erspici
689 2043 826 2126 ¹liquido
849 2044 967 2126 posit·
997 2043 1050 2120 De

213 2129 295 2192 meis
312 2127 441 2212 scriptia
455 2065 625 2198 nilrifsane
640 2145 709 2193 erat
732 2130 821 2213 quod
834 2131 895 2194 tibi
910 2126 1051 2213 pollice·

155 2211 165 2227 ‘
210 2236 286 2278 rer.
303 2214 465 2280 Habebam
479 2216 630 2298 equidem
649 2218 798 2280 inchoata
813 2217 981 2287 nonnuiia,
997 2210 1052 2276 sed

212 2303 297 2367 nibil
314 2317 381 2364 erat
394 2303 536 2388 perfesti,
549 2307 604 2368 nise
622 2307 703 2369 sorte
718 2305 899 2368 orationem
915 2305 1052 2368 libenter

213 2389 431 2464 iecturunea,
455 2411 518 2473 qua
532 2391 719 2476 egoCaesari
739 2414 798 2479 pro
809 2404 884 2477 pace
894 2389 1053 2456 Christia-

214 2478 393 2542 nonomini
409 2480 549 2544 concessa
569 2478 956 2565 superioribuemensrbus
981 2495 1055 2561 gra·

217 2564 284 2628 tias
299 2566 368 2646 egi.
395 2567 476 2642 Ejus
500 2589 561 2652 ego
575 2568 735 2632 orationis
762 2566 1002 2634 describendae,
1029 2561 1054 2623 sl

213 2651 251 2714 n'd
263 2653 409 2715 noluerit
426 2698 436 2728 ,
455 2656 573 2718 fatiam
590 2657 777 2742 Marsupino
793 2655 899 2718 nostro
912 2651 1058 2744 potesta·
1140 2694 1148 2708 ·

215 2754 313 2805 'tenu
339 2745 447 2824 Atque
475 2741 579 2825 ipsum
593 2746 654 2814 'Jot
675 2742 903 2827 Mar'supinunt
922 2735 1051 2828 prorsus

176 2859 178 2864 ⁸
218 2825 462 2892 amantiffimnm
475 2833 504 2894 dr
519 2831 775 2894 studioiiffimum
791 2831 866 2901 tui,
888 2834 945 2896 etsr
961 2823 1059 2887 mini·

213 2936 272 2978 mre
286 2937 370 3000 opus
384 2919 443 2980 esse
459 2917 619 2991 arbitror,
645 2932 751 2981 tamen
767 2918 811 2981 ita
821 2916 884 2981 tibi
893 2930 1060 2981 tommen-

218 3003 265 3065 do
280 3021 341 3075 ,ut
357 3009 476 3082 maiore
486 3004 595 3068 studio
610 3049 620 3079 ,
635 3004 776 3089 magisve
788 3025 827 3069 ex
843 3006 978 3075 animo,
1004 3020 1060 3061 ne·

215 3090 342 3156 minent
370 3093 520 3174 cuiquam
549 3096 776 3157 commendare
804 3096 941 3177 possm.
971 3093 1062 3169 'Amo

215 3178 465 3252 eniminuenem
483 3182 566 3257 huno
584 3179 809 3255 mirabiliter,
834 3203 905 3244 tum
933 3173 1062 3261 ingenio

214 3261 345 3346 tpfiue,
369 3271 398 3333 dt
422 3267 579 3349 singulari
606 3269 795 3352 probitate,
820 3284 890 3332 tum
912 3261 1064 3350 plurimis

214 3369 294 3430 erga
315 3374 366 3415 me
379 3352 523 3428 eiusdem
539 3354 655 3417 officiis
673 3353 832 3439 adduam
851 3400 860 3419 .
886 3357 998 3443 Quare
1023 3349 1065 3411 fic

218 3438 385 3501 existimes
399 3442 476 3503 voio
489 3475 508 3515 ,·
526 3443 681 3531 quicquid
696 3445 730 3507 in
747 3443 841 3506 isium
857 3445 953 3508 studii
971 3440 1070 3510 debe·

216 3525 412 3594 erroremve
427 3542 488 3592 tun
506 3530 685 3617 contulerit
699 3574 710 3606 ,
736 3544 847 3599 totum
861 3533 894 3598 id
906 3536 963 3599 aba
976 3547 1006 3598 te
1031 3528 1062 3589 in

922 3654 931 3670 ·
1027 3632 1080 3679 me
