2534 4342
294 346 510 414 EPISTOLAE
536 340 803 421 FAMILIARES
815 342 831 408 .4
929 363 992 424 421

161 437 270 520 quoad
294 440 443 510 haberem
461 433 649 497 absolutum
678 435 785 496 meum
813 433 854 497 de
867 432 1001 518 peccatu

164 525 300 608 originis
321 523 461 587 librum·
484 522 686 606 Quem'uunc
701 521 762 582 tibi
780 520 1004 584 mitto'torre·

167 613 252 675 filum
269 612 400 692 aliquot
415 610 447 672 in
462 607 569 683 locis;
592 629 655 670 non
672 627 741 689 que
760 608 840 670 mihi
851 608 1004 671 videreu-

164 711 218 761 aur
230 700 403 782 abintegra
418 699 449 758 in
465 698 573 759 Deum
595 696 727 758 fideeffe
741 696 868 773 aliena,
893 693 946 756 sed
966 709 1004 759 ut

158 787 393 850 *contentiones
410 785 551 865 fugerem
565 827 576 858 ,
591 800 673 864 quaa
686 783 794 845 studio
807 784 896 846 omni
915 781 1005 847 sem·
1062 828 1079 858 .

165 892 221 956 per
245 873 383 949 devitu,
406 872 427 933 fi
452 885 560 933 tamen
584 869 618 932 ia
635 870 714 934 mihi
741 868 853 953 aiiqua
878 870 1003 935 ratione
1082 869 1085 876 ’

168 961 388 1024 coucedatur:
413 958 455 1021 est
471 956 555 1020 enim
569 956 710 1023 seculum
724 960 820 1021 hocfi
836 959 926 1039 quod
942 979 1006 1021 uu·

169 1065 266 1128 quam
279 1045 393 1119 aliud,
417 1060 454 1108 ut
468 1059 504 1106 tu
517 1066 648 1129 quoque
665 1043 778 1109 scribis
795 1046 840 1107 ita
855 1063 1004 1128 paratum

163 1137 211 1196 ad
238 1135 369 1216 infidias
390 1125 539 1197 ot‘nnium
563 1132 694 1218 scriptis
709 1131 1009 1196 lucubrationibus·

170 1241 236 1304 que
252 1221 429 1288 tendendas
444 1263 455 1295 ‚
481 1235 516 1282 ut
543 1223 666 1286 transui
693 1219 849 1304 nusquam
874 1221 937 1284 saue
953 1243 1012 1306 pc·

168 1311 275 1374 riculo
288 1311 401 1397 possit.
426 1308 487 1372 Sed
502 1308 522 1368 fi
539 1308 647 1370 virilis
658 1306 758 1371 animi
776 1327 837 1370 nou
850 1307 920 1380 est,
951 1310 1011 1370 de·

170 1396 286 1462 terreri
302 1413 391 1460 metu
408 1396 448 1457 ab
460 1392 642 1458 aufonibus
654 1394 819 1469 houestia3
843 1415 880 1458 ne
899 1414 1007 1460 meum
1134 1415 1136 1418 ’

169 1485 303 1566 quidem
318 1487 381 1547 erit
397 1526 406 1555 ,
431 1479 544 1564 siquid
559 1481 598 1542 su
611 1485 644 1547 in
657 1502 723 1566 quo
737 1485 880 1567 prudeffe
898 1488 1006 1563 poffim

169 1572 250 1635 fidei
262 1570 463 1643 Catholicae,
486 1584 584 1650 quam
601 1590 670 1652 ‘ego
685 1566 867 1632 saueiiffime
880 1571 910 1633 ἃ
932 1591 1012 1636 cou-

173 1658 354 1724 stantiffime
369 1657 468 1731 colo,
484 1655 663 1722 defistere‘a
680 1660 828 1722 conando
840 1653 1009 1723 hominum

172 1743 453 1813 contentiosorum
467 1740 561 1808 causa
577 1784 586 1806 .
612 1747 686 1829 Ego
699 1767 759 1830 pro
774 1746 837 1808 mei
850 1756 945 1827 captu
961 1749 1014 1812 iu·

173 1835 258 1919 genii
279 1833 399 1922 (quod
414 1833 490 1898 sane
504 1850 600 1916 quam
615 1835 769 1917 exiguum
790 1836 861 1910 est,
884 1834 938 1900 sed
956 1856 1015 1901 cu·

174 1921 316 2008 piditate
332 1920 493 1986 incensum
509 1921 698 2004 indagandae
723 1924 904 2005 veritatis)
921 1941 1018 1986 cona·
1051 1939 1053 1943 ’

85 2072 112 2105 ,Ν
156 2024 227 2089 ¹tus
240 2008 308 2074 sum
324 2052 335 2084 ,
360 2006 469 2091 quoad
486 2008 578 2092 potui
595 2051 606 2080 ,
630 2010 752 2092 aperire
769 2021 834 2072 rem
851 2008 1013 2074 obscuris·

178 2100 315 2171 fimam‚
341 2102 369 2165 u
389 2100 449 2159 hoc
462 2094 599 2177 originis
616 2111 804 2179 peccatum,
828 2099 917 2178 quod
931 2095 1016 2161 sem·

176 2206 231 2274 per
246 2187 350 2249 adhuc
378 2182 459 2247 mihi
476 2183 600 2245 latuiffe
621 2181 725 2247 visum
743 2185 788 2248 est
806 2228 817 2259 ‚
841 2185 872 2246 in
885 2186 1021 2272 conspe-

89 2278 91 2284 '
180 2279 265 2339 Cium
295 2272 462 2337 homiuum
480 2270 651 2351 lucemque
674 2273 815 2355 proferre
829 2314 839 2345 ‚
862 2274 884 2335 si
904 2272 937 2333 id
963 2291 1016 2334 ta·

177 2384 248 2426 men
268 2360 336 2426 sum
352 2361 533 2424 assecutus:
556 2359 656 2452 Qud
670 2365 735 2436 jam
750 2379 812 2423 non
830 2379 949 2436 meum,
967 2359 1022 2424 sed

179 2450 320 2513 aliorum
334 2448 396 2512 erit
410 2438 569 2530 judiciuin
583 2492 593 2521 ,
607 2451 635 2512 u
649 2449 680 2511 iu
698 2447 813 2534 primis
831 2461 922 2512 tuum
938 2450 1019 2525 ,lst-

177 2538 257 2600 dore
271 2536 444 2608 cariffirne,
475 2535 700 2620 comitumque
725 2551 855 2600 tuorum
870 2557 932 2601 uua
956 2539 1024 2601 Lu·

110 2628 112 2632 ’
146 2625 149 2629 ’
178 2624 300 2691 ciani&
327 2623 553 2706 chrysostomi
567 2667 577 2697 ‚
601 2646 685 2707 quos
700 2645 760 2710 ego
776 2624 841 2689 scio
865 2646 927 2688 nou
950 2648 1021 2691 cer·

176 2712 269 2776 tandi
294 2710 424 2785 studio,
455 2709 508 2774 sed
523 2713 635 2775 auimo
654 2711 867 2796 cognoscendi
880 2756 890 2786 ‚
916 2713 1019 2778 amice

178 2805 207 2866 Sa
225 2800 360 2884 ingenue
377 2817 446 2861 mea
457 2796 581 2880 >scripta
597 2797 760 2863 leuuros.
793 2799 899 2863 Habes
917 2798 1017 2883 igitur

175 2888 325 2967 librum,
352 2885 390 2949 iu‘
406 2905 473 2968 quo
498 2884 636 2967 legendo
661 2887 808 2970 quaedam
830 2893 848 2947 a
869 2901 899 2950 te
912 2904 1016 2972 peto,

178 2975 321 3060 primum
335 2989 372 3037 ut
384 2985 513 3036 attento
528 2972 640 3037 animo
654 2995 726 3038 eum
739 2973 900 3061 perlegas,
916 2977 1020 3058 deque

177 3074 249 3124 tota
261 3060 396 3125 materia
408 3081 470 3123 non
486 3077 561 3124 ante
578 3063 756 3146 quidquam
772 3062 905 3138 statuas,
920 3085 1017 3145 quam

179 3147 239 3212 illa
252 3149 312 3212 tibi
329 3153 407 3213 bene
422 3152 609 3234 percepta&
628 3151 756 3236 cognita
769 3151 889 3214 fuerit.
916 3154 1021 3216 Habet
1056 3162 1061 3171 '
1093 3171 1097 3178 ·

178 3236 263 3300 euim
280 3279 291 3309 ,
312 3251 348 3298 ut
363 3236 501 3322 opinoa,
524 3234 714 3302 subtiliores
729 3238 903 3302 nonnullas
918 3241 1024 3304 confi·

179 3325 390 3387 derationea.
418 3321 565 3395 Deinde,
589 3338 707 3389 uacum
724 3327 862 3409 legetis,
892 3349 1024 3410 remque

170 3430 255 3473 tum
274 3410 490 3474 familiaribus
511 3412 578 3474 tuis
588 3414 880 3478 communicaveris
892 3461 903 3491 ,
922 3420 1020 3499 siqua

167 3498 377 3592 ,offendeaiu
392 3500 453 3574 eo,
473 3498 672 3591 quae.aperti
686 3501 892 3572 videantuta
904 3510 1023 3569 catho-

964 3595 1028 3661 lica
