2534 4342
347 370 566 442 epistota
588 376 878 446 antistianus,
985 381 1048 442 ast

162 488 168 493 ·
213 459 430 528 ¹efficiebantur
459 469 670 549 quaecumque
684 469 717 530 in
727 468 858 534 buccam
873 480 1050 538 venerant,

214 569 314 634 quam
330 550 425 614 nobic
441 551 606 614 licentiam
626 554 832 620 familiaritas
845 555 967 627 dabat,
992 551 1050 633 qui

213 657 301 702 nunc
314 639 468 701 convenit
483 636 643 702 restrictos
656 643 715 706 esse
726 644 758 706 in
772 642 940 708 scribendo
952 684 962 712 ,
974 655 1051 700 tum

212 724 312 789 liceat
323 726 436 789 eadem
451 725 567 787 fiducia
581 747 620 790 ex
635 727 787 793 libertate
804 728 961 811 loquendi
973 725 1063 788 litei

211 829 266 877 rac
290 813 443 878 conficere
462 831 560 896 ,aqua
584 811 748 881 sermones
776 807 1048 882 conferebamus?

213 899 276 964 Sed
293 913 331 960 tu
342 901 459 962 vereris
470 899 596 966 sortasse
614 943 624 973 ,
647 922 685 964 ne
700 902 762 969 tibi
775 903 806 967 in
818 902 966 991 epistolis
978 914 1054 962 tuae

211 986 466 1070 sacundiaenpec
492 988 694 1071 explicanti,
722 991 830 1076 postca
847 1011 950 1054 cume
976 986 1054 1073 sug·

211 1077 298 1160 gellu
312 1077 514 1149 juventutem
525 1077 645 1150 doces,
660 1095 775 1142 contra
798 1078 977 1142 causidicus
988 1079 1050 1139 cle·

210 1166 252 1226 fit
273 1159 403 1236 oratio,
424 1183 565 1247 quorum
598 1177 660 1234 tu,
687 1184 873 1246 quanquam
899 1164 1049 1247 optimu·

210 1249 382 1314 dialetliur
395 1271 430 1315 et
446 1293 456 1322 ‚
475 1251 642 1336 captiones
655 1266 765 1324 tamen
780 1254 883 1315 vitare
894 1250 1047 1334 nequivi·

207 1338 269 1401 sii.
290 1337 381 1425 Quid
394 1337 445 1425 vis
456 1338 523 1401 fieri
536 1337 551 1403 l
564 1340 624 1401 Sua
636 1338 756 1419 cuique
766 1339 933 1401 hominum
949 1356 1046 1422 geue-

209 1429 239 1492 rl
252 1424 449 1509 sophismata
465 1422 565 1497 sunt,
591 1424 711 1504 quibus
737 1439 870 1507 captent
895 1421 1050 1488 adversa·

206 1515 276 1582 tint
287 1512 383 1586 ,scin
397 1513 551 1594 laqueum
563 1510 743 1587 inducant3
761 1531 944 1594 quanquam
960 1510 1051 1596 capi·

208 1602 329 1666 taliora
344 1599 473 1663 sortasse
485 1620 555 1681 quat
569 1618 696 1674 aurum,
710 1597 808 1678 quam
821 1618 856 1663 ea
871 1620 940 1682 que
958 1618 1050 1661 mcu-

207 1704 275 1754 tem
292 1707 333 1750 ex
346 1687 415 1752 suis
425 1687 564 1750 educant
579 1685 664 1748 socie
677 1727 685 1748 .
698 1686 760 1749 Sed
777 1686 858 1770 quid
872 1705 934 1771 ago
947 1683 960 1749 l
975 1704 1050 1748 cum

206 1777 251 1839 acl
272 1775 444 1851 jocandum
462 1773 596 1840 minime
614 1773 769 1838 idoneum
786 1788 921 1861 tempnc
945 1773 983 1834 fit
998 1774 1051 1844 ‚si

208 1881 271 1945 ego
284 1859 318 1921 id
336 1881 399 1926 nnn
410 1862 557 1949 cogitant
569 1906 578 1937 ‚
591 1863 631 1926 ad
644 1875 784 1927 veterem
801 1862 885 1926 inter
896 1881 954 1926 nnc
964 1879 1046 1924 con-2

206 1947 414 2014 suetudinem
428 1953 468 2014 sic
481 1951 638 2035 garriendi
657 1949 800 2036 relapsus
814 1950 882 2017 sum
895 1991 911 2017 ..
929 1950 1011 2012 Nam
1026 1946 1053 2011 li

206 2056 321 2103 rerum
336 2033 415 2101 scite
427 2038 477 2101 vie
491 2079 501 2110 ‚
513 2038 556 2101 mi
569 2040 686 2102 lazare
700 2080 711 2112 ,
739 2060 799 2124 ego
812 2061 887 2118 cum
898 2041 955 2100 hac
972 2030 1055 2101 scri-r

160 2137 163 2143 '
207 2123 472 2201 berem'literae,
494 2127 524 2191 sc
546 2125 732 2189 iumaaima
746 2122 1052 2190 etamsullicitudi·

207 2233 246 2278 ne
261 2211 301 2274 de
316 2213 442 2297 Repub.
458 2230 559 2295 quam
574 2211 668 2275 vicltt
684 2208 757 2295 ipse·
777 2208 1049 2297 ptostslnqunin

205 2300 314 2373 statu,
339 2299 392 2363 vel
404 2304 517 2384 potine
532 2317 600 2381 qun
618 2299 651 2362 in
667 2311 760 2362 motu
777 2299 880 2383 posita
896 2296 935 2358 sit
951 2313 1051 2367 ,nm-

205 2387 260 2453 nia
274 2383 407 2472 quidem
434 2402 472 2452 ut
485 2383 617 2450 adversa
639 2384 674 2448 in
688 2388 767 2451 ea&
789 2382 899 2473 aspera
915 2385 1047 2447 horrere

207 2474 407 2545 debeamus,
436 2475 614 2542 &tantum
636 2470 766 2536 doloris
792 2490 974 2561 acceperam
1004 2488 1046 2536 ex

205 2575 310 2628 morte
326 2558 444 2631 summi
469 2562 533 2628 viti
566 2559 647 2628 mihi
674 2558 805 2652 college
826 2560 979 2626 omnibus
1008 2560 1040 2624 st

205 2645 473 2715 amorisl'wfficii
485 2648 624 2713 vinculis
642 2647 883 2731 coujuntliffimi
898 2643 1045 2711 federici
1068 2661 1070 2666 ·

205 2734 346 2820 Fregofii
359 2739 467 2821 (a)‚ut
482 2737 587 2800 adnue
597 2734 727 2800 animun
741 2737 949 2802 illneulnere
965 2748 1047 2815 eger
1168 2734 1170 2737 ’

206 2842 249 2893 erc
273 2829 454 2895 moecoresr
471 2823 602 2894 tristitia
618 2824 755 2889 recreari
770 2823 969 2911 nonposset‚
991 2815 1045 2881 cui

208 2922 320 2974 tamen
329 2908 460 2976 vulneri
468 2909 602 2996 paulum
613 2908 694 2990 quid
706 2908 936 2985 medicamenti
949 2903 1048 2970 indu-

204 2996 258 3068 xit
276 2995 324 3059 tui
338 2994 682 3069 ahseutiteecordatio
699 3036 709 3057 ·
728 2997 821 3063 Nunc
844 2993 1049 3065 reuiuisceret

205 3081 303 3147 dolor
319 3126 331 3157 ,
353 3085 411 3156 nist
426 3106 498 3154 eum
514 3102 574 3168 ego
590 3085 630 3145 ab
659 3086 754 3160 huius
770 3099 964 3170 argumento
974 3078 1047 3164 cpi·

204 3170 293 3232 llnla
309 3173 438 3257 penitus
451 3169 618 3237 exclusum
634 3169 767 3245 vellem,
782 3166 958 3258 prasertim
971 3187 1046 3233 cunt

203 3257 271 3322 alia
292 3259 438 3341 quadam
462 3279 532 3324 mea
562 3256 845 3327 lucubratiuncula
865 3255 952 3322 tanti
979 3253 1044 3318 eici
1068 3257 1082 3274 ‘

969 3337 1045 3409 onis·

242 3547 293 3619 (t)
312 3549 389 3602 Obiit
402 3552 492 3605 Μαι.
504 3553 636 3618 &egnice
649 3555 705 3611 ill.
730 3554 794 3612 lum
804 3553 872 3621 felii
884 3567 929 3611 n.
945 3560 1035 3620 &5414
1167 3587 1169 3592 .

205 3625 276 3696 Lege
285 3638 344 3683 uct·
353 3626 383 3684 int
393 3629 481 3690 Satias·
490 3628 543 3689 ait.
556 3644 616 3702 pag.
627 3633 680 3691 11.
793 3674 795 3679 .
